2766 5174
142 518 229 584 llsbet
256 518 338 580 euim
362 519 462 600 poete
486 517 542 580 ille
566 518 708 601 egregias
733 519 905 598 sententias,
930 523 989 585 sub
1013 526 1114 590 verbis
1139 542 1202 590 non
1227 530 1355 597 malurn

97 680 100 685 Ι
138 604 250 665 ornans.
295 602 508 683 lntemoganti
531 603 674 683 Augusto
696 622 758 684 quo
782 616 871 686 pacto
893 605 1020 670 feliciter
1041 609 1147 672 civitas
1170 606 1356 692 gubernare·

94 694 100 813 q
138 706 189 765 mr;
210 685 261 763 Si,
287 686 397 767 inquit,
417 687 633 769 prudentiores
656 700 806 749 temonem
831 691 988 769 tenuerint,
1012 705 1042 755 et
1065 695 1138 756 boni
1162 695 1251 759 malis
1273 720 1356 781 prae·

94 840 97 859 ,
134 784 305 855 portantur-3
328 772 426 852 itaque
441 771 550 854 optimi
563 791 633 833 suos
648 773 779 834 babeant
802 773 939 853 bonores,
956 778 1030 839 nulli
1046 791 1148 842 tamen
1163 780 1293 844 aliorum
1307 785 1356 845 in·

129 858 193 937 justi
219 856 391 937 quiequam
416 856 482 917 fiat.
526 858 570 917 At
588 855 761 934 lilaecenas3
795 857 893 939 Quid,
903 858 1000 943 inquit
1026 860 1168 944 Virgilio,
1185 866 1353 930 satietatem

131 940 245 1003 bomini
259 956 323 1001 non
336 939 444 1002 affert?
488 939 634 1018 Omnium
653 960 765 1018 rernm,
778 943 942 1024 respondit,
961 959 1014 1007 aut
1028 948 1193 1010 similitudo
1208 963 1261 1010 aut
1275 951 1354 1017 mul.

130 1024 223 1086 titudo
249 1024 447 1087 stomachum
469 1024 553 1100 facit,
576 1038 688 1108 praeter
713 1025 891 1107 intelligere.
945 1022 1029 1091 idem
1055 1030 1266 1178 interrogavit,
1292 1055 1354 1117 quo

129 1121 214 1253 pomo
226 1109 302 1188 quis
318 1108 412 1169 altam
424 1107 603 1191 felicemque
617 1111 767 1171 fortunam
784 1131 870 1171 suam
883 1131 1002 1173 servare
1012 1129 1122 1197 posset.
1198 1117 1229 1178 ui
1242 1115 1353 1198 Mar03

149 1193 157 1253 i
171 1192 331 1274 quantum
346 1194 463 1255 bonore
485 1214 521 1254 ac
543 1194 656 1255 divitiis
678 1195 746 1256 aliis
760 1195 955 1278 praestmtior
969 1196 1016 1273 sit,
1028 1200 1111 1262 tantb
1127 1199 1309 1265 liberalitate
1323 1216 1353 1265 et

123 1275 243 1357 justitiis
266 1277 348 1339 alios
373 1297 519 1360 superare
542 1278 664 1340 nitatur.
710 1279 825 1340 Solitas
850 1293 916 1340 erat
939 1280 1049 1357 dicere,
1072 1285 1186 1346 nullam
1209 1285 1351 1347 virtutem

128 1361 370 1423 mmodiorem
391 1361 508 1423 bomini
523 1382 588 1424 esse
601 1363 763 1445 patientii3
786 1385 823 1425 ac
836 1364 950 1426 nullam
963 1386 1102 1447 asperam
1113 1369 1189 1431 adesi
1203 1389 1270 1431 esse
1291 1370 1352 1433 lor-

128 1464 243 1521 unam,
257 1464 354 1528 quam
373 1446 539 1530 prudenter
551 1448 697 1529 patiendo
710 1448 758 1509 vir
769 1448 854 1510 fortis
866 1469 928 1511 non
938 1449 1058 1513 vincat:
1081 1448 1184 1532 Quam
1199 1452 1231 1516 in
1246 1452 1353 1536 quinto

131 1527 277 1593 Enddos
291 1530 438 1608 inscruitt
965 1574 968 1579 -

272 1614 361 1678 Nate
376 1614 458 1692 Ded,
471 1615 606 1701 qtrdfuta
617 1615 749 1694 trabunt,
764 1616 985 1703 retrabantpue,
997 1640 1026 1681 re
1047 1640 1175 1682 namur:

339 1699 347 1713 ’
408 1700 415 1713 “
449 1699 516 1776 erit,
528 1701 699 1784 superanda
711 1702 936 1786 omnisfortuuu
941 1640 1067 1787 serengo
1083 1713 1134 1766 est.

129 1783 212 1845 Ciam
284 1783 292 1798 '
388 1785 452 1863 ejus
475 1786 591 1846 amicus
617 1784 777 1847 Cornificii
799 1788 831 1848 in
850 1809 919 1849 eum
943 1789 1105 1852 maledicta
1126 1802 1156 1849 et
1178 1787 1354 1869 inimicitias

128 1868 189 1928 sibi
205 1881 364 1945 numam
383 1866 487 1949 Quam
501 1880 600 1950 putas,
615 1869 723 1950 inquit,
748 1891 811 1931 esse
825 1872 949 1951 hujusce
964 1872 1184 1934 malevolentiae
1207 1873 1353 1936 causam?

127 1973 199 2013 uam
229 1972 331 2032 neque
354 1972 490 2033 nuquam
520 1951 720 2014 Cornificium
747 1954 868 2031 offendi,
893 1968 1013 2015 etcum
1036 1977 1115 2017 arno.
1158 1956 1218 2034 An,
1242 1957 1352 2038 inquit,

129 2033 260 2097 Hesiodi
275 2036 433 2098 sententiae
447 2057 510 2097 non
525 2038 696 2114 meministi,
712 2038 765 2099 ubi
788 2039 840 2114 ait,
855 2038 1064 2099 Architectum
1088 2039 1251 2100 architecto
1273 2042 1352 2103 invi·

128 2119 207 2195 bre,
224 2134 257 2181 et
270 2123 397 2203 poetam
423 2120 554 2202 poetae?
576 2121 613 2182 de
637 2122 734 2198 malis,
761 2122 868 2203 inquit,
890 2122 1017 2183 Graecus
1033 2123 1083 2184 ille
1097 2122 1243 2190 intellexit
1250 2146 1260 2200 ;
1282 2146 1352 2185 narn

130 2204 199 2266 boni
213 2204 402 2266 emditiorcs
416 2219 529 2266 amant
573 2204 637 2267 Sed
659 2205 773 2287 magni
795 2227 864 2268 cum
888 2205 1058 2268 meilande
1080 2221 1109 2268 et
1123 2207 1352 2286 gloriivindic-

129 2300 188 2350 nm
202 2290 238 2351 in
259 2309 357 2350 mann
379 2288 490 2350 babeo.
532 2286 654 2369 Majore
674 2289 753 2351 enim
769 2290 848 2351 curt,
864 2290 967 2352 virtuti
981 2291 1152 2368 intendam;
1175 2304 1264 2373 atque
1290 2293 1352 2374 qud

130 2373 298 2455 elegantior
312 2393 374 2454 ego
392 2372 475 2449 fiant,
499 2372 536 2434 eti
563 2374 767 2436 vehementius
781 2375 898 2437 invidiri
911 2389 1076 2457 rumpetur.
1119 2374 1198 2437 Erat
1209 2374 1353 2458 Augusto

129 2456 289 2519 familiaris
309 2456 438 2520 Filistus
461 2457 596 2538 quidam,
622 2473 733 2539 orator,
758 2473 788 2520 et
811 2460 919 2543 po'e'sin
943 2461 1133 2521 mediocriter
1160 2460 1287 2538 doctus,
1302 2462 1352 2523 cui

129 2542 288 2626 multiplex
310 2541 492 2623 variumque
514 2537 670 2623 ingenium
696 2556 777 2621 erat3
800 2544 911 2625 quique
935 2544 1068 2606 omnium
1092 2545 1195 2605 omnia
1208 2546 1291 2606 dicta
1305 2567 1352 2607 re-

129 2628 317 2709 prehendere
330 2628 518 2703 conabatur3
540 2647 602 2689 non
614 2641 647 2689 ut
661 2648 766 2689 verum
778 2629 809 2690 di
854 2643 979 2705 osceret,
996 2629 1078 2709 quod
1098 2627 1239 2689 Socrates
1253 2629 1353 2690 facere

131 2711 366 2788 temnaitsed
379 2723 415 2772 ut
427 2710 575 2772 eruditior
596 2713 757 2773 videretur.
835 2714 863 2774 ic
883 2712 1062 2793 Virgilium,
1084 2713 1257 2793 ubicunque
1278 2733 1352 2773 con-

133 2796 241 2856 venire
259 2796 395 2873 dabatur,
418 2794 588 2856 maledictis
612 2796 785 2877 salibusque
799 2797 939 2858 vexabat.
984 2796 1089 2878 Quare
1114 2796 1165 2856 ille
1186 2817 1277 2879 saepe,
1300 2811 1352 2857 aut

130 2880 314 2943 tacibundus
328 2880 511 2956 discedebat,
535 2893 588 2941 aut
611 2880 738 2942 suffusus
760 2882 877 2964 pudore
891 2883 1020 2943 tacebat.
1063 2879 1178 2941 Veriun
1194 2881 1264 2942 cirm
1285 2882 1352 2942 Au-

131 2978 223 3044 gusto
238 2965 380 3027 audiente
399 2964 553 3047 elinguem
577 2964 662 3026 illum
677 2966 845 3041 dicereeas
867 2987 990 3028 causam
1006 2967 1096 3026 etiam
1110 2986 1214 3041 suam,
1242 2965 1267 3025 si
1293 2965 1351 3025 lin-

135 3069 231 3128 guam
255 3050 391 3125 baberet,
411 3049 569 3110 defendere
590 3051 732 3130 nequire3
765 3049 861 3126 Tace,
888 3051 995 3131 inquit,
1020 3048 1137 3109 rabula.
1180 3047 1263 3107 Nam
1284 3048 1352 3110 haec

131 3151 200 3193 mea
212 3131 403 3194 taciturnitas
415 3131 603 3194 defensorem
623 3153 783 3194 causarum
797 3153 933 3197 mearum
947 3135 1122 3209 Augustum
1137 3131 1216 3202 tecit,
1232 3141 1262 3187 et
1271 3128 1352 3191 Mre-

129 3230 288 3294 oenatem3
310 3228 339 3278 at
352 3215 389 3278 ei
398 3216 483 3294 tubis,
496 3216 565 3278 cinn
580 3215 662 3293 volo,
678 3217 797 3298 loquor,
814 3237 884 3296 quae
896 3216 1009 3293 ubique
1023 3226 1052 3272 et
1064 3210 1231 3282 diutissime
1247 3212 1352 3273 audie-

130 3315 185 3363 tur.
231 3299 285 3362 Tu
308 3301 492 3383 loquacitate
517 3321 578 3362 non
601 3301 693 3363 modo
721 3321 807 3361 aures
833 3298 1000 3373 bominum,
1025 3298 1077 3358 sed
1099 3318 1201 3358 muros
1224 3298 1350 3380 rumpis.

132 3387 290 3468 Augustam
303 3385 376 3448 verti
389 3385 533 3449 Filistum
556 3386 643 3465 gravi
665 3386 749 3447 vultu
769 3385 852 3445 incre
875 3383 947 3444 avit.
990 3380 1202 3460 TuncMaro;
1225 3382 1259 3443 Si
1275 3395 1351 3445 tem·

130 3491 195 3552 pus,
205 3468 327 3549 Caesar,
340 3470 450 3553 inquit,
460 3470 580 3532 tacendi
592 3470 641 3531 hie
654 3470 752 3546 sciret,
768 3468 838 3529 raro
849 3405 1030 3548 linqueretur.
1075 3464 1254 3528 Tacendum
1269 3468 1349 3529 enim

130 3575 248 3638 temper
268 3569 324 3632 est,
346 3555 406 3617 nisi
427 3554 497 3617 ciam
520 3554 710 3616 taciturnitas
732 3553 787 3615 tibi
811 3566 929 3630 noceat,
953 3564 1005 3614 aut
1030 3552 1129 3613 oratio
1154 3552 1220 3613 aliis
1244 3554 1350 3634 prosit.
1361 3570 1379 3635 2,

130 3638 213 3701 Nam
236 3640 288 3722 qui
309 3640 475 3716 contendit,
491 3652 520 3700 et
541 3660 580 3701 an
601 3639 802 3703 contentionis
817 3637 886 3698 finis
900 3637 982 3699 utilis
1004 3637 1043 3696 sit
1066 3656 1128 3696 non
1143 3638 1237 3713 novit,
1253 3637 1351 3698 stultis

131 3723 216 3786 illum
231 3725 494 3788 annumerandum
509 3724 657 3807 sapientes
672 3736 790 3807 putant.
833 3721 1039 3803 Posteaquam
1053 3721 1211 3801 Augustus
1235 3721 1352 3782 summis

131 3830 232 3871 rerum
245 3810 382 3873 omnium
405 3822 519 3894 pontus
534 3822 588 3885 est,
609 3809 692 3869 venit
710 3808 741 3868 in
758 3820 896 3883 mentem,
913 3829 951 3868 an
964 3806 1147 3867 conduceret
1158 3804 1349 3887 tyrannidem

130 3895 268 3957 omittere
289 3909 320 3957 et
333 3915 455 3958 omnem
476 3906 653 3978 potestatem
677 3893 784 3954 annuis
799 3892 984 3967 consulibus,
1006 3904 1036 3953 et
1051 3889 1177 3952 Senatui
1196 3888 1350 3973 Rempub.

130 3980 265 4043 reddere.
308 3978 346 4043 ln
362 3979 424 4063 qui
437 4000 470 4041 re
491 3979 619 4040 diversm
643 3978 798 4040 sententiae
813 3976 967 4038 consultos
982 3977 1089 4038 habuit
1106 3975 1307 4037 Maecenatem
1323 3992 1353 4036 et

132 4065 320 4149 Agrippam3
343 4064 487 4148 Agrippa
500 4062 589 4139 enim,
606 4062 678 4126 utile
701 4063 758 4123 sibi
779 4063 853 4138 fore,
869 4061 986 4122 etiarnsi
1001 4062 1159 4123 honesturn
1182 4081 1244 4122 non
1264 4073 1352 4134 esset,

134 4150 299 4232 relinquere
326 4149 528 4232 tyrannidem,
553 4147 647 4229 longia
668 4147 806 4209 oratione
822 4146 992 4224 contendit3
1015 4147 1097 4227 quod
1119 4143 1275 4208 Maecenas
1299 4143 1351 4221 de·

134 4233 243 4297 bortari
265 4255 382 4317 magno
422 4234 457 4295 re
472 4233 649 4295 conabatur.
694 4230 799 4312 Quare
813 4231 945 4312 Augusti
962 4231 1080 4292 animus
1094 4242 1124 4289 ct
1144 4229 1214 4292 hinc
1236 4229 1352 4290 sereba-

134 4332 177 4380 tur
190 4332 222 4381 et
234 4318 333 4381 illinc.
407 4330 476 4381 rant
489 4316 568 4379 enirn
583 4317 712 4377 diversae
731 4315 886 4377 sententiae
901 4315 993 4377 variis
1020 4314 1188 4377 rationibus
1210 4315 1351 4377 firmatae.

135 4398 270 4485 Rogavit
284 4402 381 4484 igitur
393 4401 564 4477 Maronem,
588 4422 627 4461 an
649 4400 785 4461 conserat
799 4400 921 4483 privato
935 4401 1050 4462 bomini
1075 4419 1106 4458 se
1128 4399 1160 4458 in
1173 4398 1227 4461 sui
1241 4400 1352 4483 repub-

135 4484 190 4548 lica
217 4501 383 4567 tyrannum
406 4486 513 4549 lacere.
566 4483 649 4546 Turn
674 4484 742 4563 ille;
774 4484 925 4546 Omnibus
952 4484 1055 4558 ferme,
1079 4482 1185 4564 inquit,
1213 4484 1351 4568 rempub.

134 4573 355 4652 aucupantibus
380 4571 504 4633 molesta
527 4571 596 4653 ipsa
616 4570 755 4651 tyrannis
778 4569 834 4631 fuit
857 4569 1044 4649 etcivibus3
1067 4569 1273 4653 quianecesse
1287 4582 1353 4629 erat

135 4668 259 4738 propter
283 4655 354 4718 odia
378 4654 566 4717 subditorum
593 4667 644 4714 aut
666 4666 769 4716 eorum
792 4654 983 4738 injustitiam,
1006 4651 1041 4715 in
1053 4652 1358 4739 magnisuspicione

136 4758 305 4817 magnoque
325 4738 433 4797 trinorc
454 4739 568 4814 civem
590 4737 646 4798 sed
666 4740 694 4801 si
717 4739 800 4804 cives
816 4743 940 4829 justum
967 4741 1105 4834 aliquem
1129 4746 1258 4824 scirent,
1279 4762 1376 4827 quem
