2766 5174
25 1506 125 1591 llJtT
157 1528 198 1588 iis
223 1525 419 1601 hominibus,
442 1524 494 1606 qui
517 1525 633 1609 scripta
648 1539 781 1591 veterum
795 1527 1010 1613 explanirnnt,
1038 1522 1152 1591 lroein'
1168 1525 1251 1589 omni

25 1655 104 1702 etate
117 1640 282 1701 familiare
292 1638 418 1698 vitium:
442 1650 475 1698 ut
488 1658 520 1700 se
531 1638 675 1721 primum,
688 1654 843 1703 auctorem
858 1641 968 1703 deinde
985 1660 1083 1716 suum,
1098 1639 1250 1703 illustrau-

26 1752 72 1812 dos
82 1751 306 1832 ornandosque
318 1749 524 1831 susceperint3
547 1769 610 1827 eos,
619 1771 749 1832 quorum
757 1753 925 1815 scriberent
933 1752 1043 1834 gratiit,
1054 1749 1139 1814 nullo
1147 1750 1253 1813 admo-

26 1864 97 1924 duur
106 1865 141 1924 in
154 1863 229 1923 loco
242 1883 282 1922 ac
294 1882 425 1921 numero
454 1862 623 1923 habuerint.
667 1863 731 1925 Aut
745 1865 825 1925 enirn
837 1865 969 1926 scribere
996 1852 1101 1925 otiosis
1113 1860 1254 1923 videntur

29 1975 166 2049 uoluisse,
183 1973 295 2054 quibus
317 1974 359 2034 ad
374 1972 469 2034 libelli
482 1972 713 2053 intelligentiam
739 1974 891 2033 interdum
905 1973 978 2033 satis
998 1974 1101 2053 exigui
1116 1971 1211 2033 multa
1225 1980 1256 2030 et

32 2105 138 2165 magna
150 2083 446 2145 commentationum
470 2082 627 2144 volumina
640 2082 763 2166 placere
775 2096 918 2167 possent3
933 2095 993 2162 ,aut
1001 2083 1127 2145 eruditis
1141 2082 1215 2143 viris
1226 2094 1257 2142 et
1364 2092 1367 2097 '

34 2197 229 2257 maximarum
239 2195 600 2276 rerumcognitionejam
612 2194 746 2271 imbutis,
758 2194 811 2275 qui
822 2194 903 2255 levia
914 2207 944 2255 et
955 2192 1131 2255 communia
1140 2190 1257 2257 sentilli-

36 2320 102 2367 rent.
148 2304 213 2387 Qui
227 2304 303 2365 verti
318 2305 433 2387 primos
441 2306 592 2386 juvenum
618 2318 744 2369 conatus
757 2304 903 2385 adjuvare
918 2326 980 2365 non
995 2305 1014 2367 it
1027 2304 1084 2367 sui
1108 2303 1268 2391 dignitate,

37 2419 161 2479 alienum
176 2417 312 2491 duceret,
325 2417 377 2476 vix
389 2416 407 2476 e
420 2416 485 2477 toti
499 2417 695 2500 interpretum
711 2432 802 2498 gente
828 2416 905 2481 unus
927 2431 1018 2500 atque
1031 2419 1107 2480 alter
1119 2418 1259 2481 inventus

36 2544 84 2589 est
125 2527 252 2589 Idcirco
262 2527 341 2591 hanc
356 2538 484 2609 partem,
504 2528 602 2610 prope
616 2529 818 2611 depositamir
839 2533 967 2606 creteris,
984 2530 1068 2593 tantir
1096 2529 1260 2593 studiosiin

36 2639 144 2721 suscipi
156 2639 266 2714 voluit,
276 2638 383 2719 qniest
394 2638 434 2699 ab
442 2637 531 2721 Rege
540 2639 801 2703 Christianissimo
812 2640 1005 2704 Serenissimi
1014 2642 1162 2726 Delphini
1174 2640 1260 2703 insti·

38 2753 146 2839 tutioni
162 2750 354 2832 prepositus,
362 2747 586 2812 illustrissimus
601 2751 803 2814 Montauserii
811 2752 884 2815 Dux
897 2775 907 2832 ;
929 2754 1045 2834 quanto
1058 2753 1137 2834 regii
1145 2751 1260 2825 alumni
1348 2766 1351 2772 ’

39 2864 171 2925 indolem
185 2863 222 2923 ad
237 2860 448 2944 pernoscenda
461 2877 596 2925 veterum
607 2884 701 2947 opera
713 2865 944 2948 propensiorem
957 2865 1103 2929 videbat:
1126 2875 1217 2945 atque
1229 2874 1263 2922 ut

42 2975 188 3057 Princeps
195 2974 328 3056 optimus
335 2972 555 3056 prodessejam
565 2986 629 3035 tum
642 2974 790 3058 inciperet
801 2978 872 3053 suis,
881 2989 911 3037 et
925 2977 1007 3038 orbis
1020 2976 1143 3038 utilitati
1158 2986 1263 3036 natum

44 3108 75 3145 se
87 3085 291 3161 intelligerem
311 3084 377 3143 lraee
391 3084 582 3163 privatorum
598 3085 662 3162 ejus
691 3063 861 3146 studiorum
877 3086 1102 3167 qualiacunque
1116 3082 1262 3156 subsidia,

43 3198 161 3280 publica
175 3194 275 3255 sacere
288 3193 378 3255 etiam
391 3192 490 3252 visum
505 3205 559 3253 cst.
763 3200 766 3205 '

81 3309 138 3370 His
153 3327 215 3386 ego
230 3304 405 3365 auctoribus
418 3323 455 3364 ac
470 3303 607 3378 ducibus,
639 3304 670 3364 in
686 3305 742 3364 lnic
759 3302 885 3385 Virgilii
899 3303 1124 3387 explanatione,
1153 3324 1264 3387 preter

44 3419 196 3481 breuitatis
211 3416 380 3495 nitarisque
393 3414 537 3490 studium,
551 3413 583 3475 id
599 3414 746 3497 imprimis
762 3414 836 3477 milri
852 3418 1016 3501 proposui3
1038 3417 1169 3501 publicis
1180 3437 1265 3489 eom·

45 3532 150 3607 modis,
160 3550 224 3592 non
240 3549 317 3590 ureae
332 3548 380 3588 me
396 3508 478 3588 laudi
494 3527 615 3587 servire.
646 3525 745 3607 Igitur
759 3526 897 3589 versibus
909 3528 1197 3612 inierpretationeru,
1209 3549 1266 3593 no·

46 3662 90 3706 tas
100 3641 342 3727 interpretationi
358 3640 481 3722 subjeci.
496 3638 549 3701 -Et
560 3661 628 3703 euru
641 3640 762 3723 quidem
775 3641 1032 3725 interpretationis
1044 3643 1191 3727 optimum
1201 3662 1266 3709 we
1308 3658 1345 3715 f
1351 3652 1357 3659 '

47 3758 114 3820 duxi
125 3749 268 3832 modnm;
284 3753 417 3837 primurn
429 3764 463 3813 ut
473 3764 551 3814 esset
563 3753 723 3831 contiuua3
736 3773 783 3831 ne,
792 3753 864 3815 dum
873 3754 979 3816 omitto
986 3753 1098 3830 facilia,
1110 3774 1172 3816 non
1182 3751 1268 3814 nulla

48 3872 148 3943 etiam,
162 3882 195 3929 ut
209 3869 252 3944 fit,
266 3866 405 3929 difficilia
416 3864 620 3948 praeterirem:
643 3879 706 3926 tum
717 3878 749 3927 ut
761 3865 903 3947 expedita
915 3865 1044 3949 poeticis
1056 3861 1188 3927 numeria
1199 3883 1267 3927 ver·

51 4003 131 4043 suurn
144 3978 290 4041 sententia
302 3978 488 4052 redderetur,
499 3975 592 4059 plano
604 3989 748 4057 rectoque
759 3975 876 4050 ordine,
886 3976 987 4042 verbis
997 3975 1123 4038 totidem
1132 3973 1219 4053 aliis3
1233 3986 1268 4035 ut

57 4108 157 4173 prater
172 4091 232 4153 vim
248 4110 429 4170 sensumque
438 4089 611 4163 verborum,
627 4087 718 4148 etiarn
734 4107 838 4149 eorum
852 4086 943 4169 copia
956 4097 1193 4171 compararetur.
1229 4081 1267 4144 In

56 4210 134 4281 notis,
147 4204 271 4285 neglexi
286 4201 372 4278 nihil,
383 4203 468 4283 eujus
479 4200 510 4262 in
520 4198 650 4281 legendo
667 4196 799 4279 Virgilio
811 4219 882 4260 usus
889 4218 953 4260 esse
968 4197 1078 4280 aliquis
1091 4192 1268 4281 posset3ni·

56 4320 91 4379 hil
103 4321 141 4381 ad
156 4319 255 4380 solam
266 4316 431 4377 literaturae
442 4313 672 4376 ostentationem
689 4311 843 4394 usurpavi.

91 4418 190 4511 Atque
201 4429 232 4491 id
245 4426 367 4508 quidem
379 4424 452 4487 mihi
463 4424 482 4485 ri
492 4422 616 4486 summis
625 4421 698 4483 viris
706 4421 878 4504 impositum
890 4420 1003 4502 quanti
1015 4419 1075 4481 fide
1084 4417 1268 4504 perfecerim,

55 4542 218 4605 declarabit
233 4539 359 4614 fructus,
371 4551 406 4600 nt
416 4558 515 4621 spero,
531 4556 592 4598 non
605 4533 766 4596 mediocris
782 4533 852 4594 inde
868 4531 1087 4616 percipiendus
1116 4528 1217 4611 Quam
1232 4528 1271 4590 rit

55 4670 154 4719 nutem
166 4651 240 4717 scite
255 4650 480 4735 prudenterque
492 4649 673 4724 institutum,
702 4666 739 4709 ex
752 4646 857 4710 iisdem
870 4645 943 4731 ipsis
955 4645 1076 4713 consilii
1099 4640 1275 4710 auctoribus

642 4744 658 4802 l
