2766 5174
504 394 510 409 '
556 417 780 486 ursaonnn.
1238 454 1280 503 2,

62 560 136 623 lulio
146 559 277 625 Caesare
284 559 468 625 militaribus
477 563 573 641 donis,
586 585 656 626 eum
687 566 865 650 requiescere
877 566 999 647 Mures,
1014 568 1061 633 Et
1076 570 1180 639 leuiter
1192 573 1279 643 ttae·

62 650 87 708 in
100 644 157 708 llis
180 645 321 708 aniensis
336 659 439 709 eastra
461 661 579 710 secutus
600 662 654 725 est,
687 650 756 712 dum
769 653 857 715 liceat
871 652 1016 737 deponere
1031 675 1168 722 umorem.
1213 661 1280 727 Nec

63 752 133 791 anno
186 730 262 792 .C.
277 731 396 793 circiter
415 736 489 793 709.
533 731 654 793 Octavii
681 735 802 814 juvenis
823 739 935 818 itaque,
952 759 1007 801 nec
1023 759 1114 803 senex
1128 741 1281 827 Virgilius

62 820 102 876 19.
149 814 278 895 Virgilii
293 818 346 875 26.
391 815 487 896 Quod
510 816 576 897 quis
591 837 655 878 cre·
688 817 786 880 Cirim
800 822 918 904 scripsit

57 900 124 959 dat?
172 897 338 977 Virgilium
352 901 391 958 ab
407 899 461 960 ills
476 899 592 960 Culicis
604 921 655 961 ex·
743 943 957 993 mmm
988 948 1082 1009 nugo.
1117 942 1225 1014 ΜΝ·

58 984 152 1043 ilitate
172 982 219 1042 ita
240 982 366 1062 repente
390 983 595 1056 convaluisse3
624 998 657 1045 ut
823 1007 865 1054 01,
876 1008 1001 1055 Portemus
1013 1012 1143 1058 mm

57 1087 134 1126 anno
150 1066 224 1147 post
238 1065 328 1125 tertio
344 1078 492 1147 quartove
507 1066 657 1129 Bucolica
825 1066 859 1113 M.
869 1070 1127 1119 LicmmsCmrmn

56 1151 188 1211 seribere
210 1162 275 1209 tam
297 1149 444 1230 aequabili
465 1165 496 1211 et
509 1152 613 1212 vivido
628 1165 658 1212 et
688 1126 1009 1232 VIRILEMtogam
1024 1154 1185 1237 sumpsisse
1204 1153 1281 1219 dici-

55 1255 129 1316 puro
145 1234 249 1293 nitore
264 1233 421 1314 inceperit
448 1233 505 1295 His
521 1236 658 1297 adducor
689 1250 737 1296 tur
751 1234 902 1314 Virgilius
929 1238 1009 1315 apud
1032 1235 1281 1303 Pseudo-Dona·

54 1332 220 1399 inputem,
237 1316 384 1377 insulsum
406 1318 491 1380 illum
507 1319 655 1397 Culicem,
689 1333 761 1395 tum,
791 1339 872 1380 anno
899 1320 996 1380 aetatis
1019 1327 1067 1383 17.
1093 1321 1200 1384 iisdem
1221 1322 1282 1385 illis

55 1423 143 1483 quern
161 1401 310 1462 habemus
325 1422 392 1483 prae
401 1403 550 1479 manibus,
562 1406 600 1465 ab
610 1407 657 1465 in·
689 1401 885 1478 Consulibus,
901 1402 1011 1482 quibus
1024 1418 1112 1467 natus
1123 1419 1198 1468 erat.
1230 1405 1281 1469 ld·

55 1500 124 1567 epto
156 1486 263 1566 aliquo
293 1487 496 1568 posteriorum
533 1501 657 1550 {etatum
688 1488 786 1571 ipsum
802 1487 942 1568 agnoscit
955 1484 1102 1566 Scaliger,
1115 1490 1168 1551 sed
1182 1490 1285 1553 minus

56 1571 205 1651 scriptore
220 1568 325 1630 fictum
338 1590 413 1646 esse,
427 1572 479 1652 qui
494 1572 562 1633 etim
576 1573 657 1655 apud
689 1571 889 1633 considerate.
912 1569 1021 1651 Neque
1034 1574 1113 1635 enim
1124 1575 1164 1634 ab
1175 1572 1283 1635 Idibus

55 1672 172 1714 neuros
185 1653 306 1714 laudari
323 1656 437 1735 passim
448 1657 563 1717 videret
567 1659 658 1736 juve·
690 1655 875 1717 Octobribus
912 1654 979 1714 rimi
994 1654 1176 1736 Pompeiani
1197 1654 1283 1719 Gon·

56 1738 148 1798 uilem
171 1736 314 1798 Maronis
337 1738 494 1818 Culicem;
516 1741 658 1801 amissum
689 1740 812 1815 sulatus,
830 1740 869 1799 ad
883 1676 956 1799 llius
972 1737 1122 1800 Octobres
1149 1739 1285 1817 numdi,

58 1823 144 1882 illum
159 1822 234 1881 vitio
248 1835 423 1904 temporum
438 1825 593 1886 restituere
604 1846 659 1907 per
689 1824 855 1905 completos
896 1843 991 1883 anuos
1027 1823 1146 1904 reperio
1203 1822 1286 1885 lures

62 1907 168 1965 ludum
185 1919 237 1965 aut
256 1926 309 1988 per
332 1927 483 1968 summum
498 1909 658 1970 airtlueiam
690 1907 780 1987 quim
794 1906 975 1986 quindecim.
1019 1904 1054 1965 Si
1066 1927 1141 1989 ergo
1153 1844 1283 1990 Vlrgitt-

60 1989 199 2063 ruluerit,
214 1991 370 2069 quomodo
381 1991 523 2076 deinceps
539 1993 658 2055 alevis·
690 2011 725 2051 us
740 1989 815 2069 togis
827 1989 907 2048 virili
923 1990 1052 2049 donatus
1067 2004 1111 2052 est
1132 1990 1284 2074 Pompeio
1359 1994 1364 2001 '

59 2074 138 2133 simis
162 2075 363 2155 scriptoribus
386 2076 482 2137 multa
507 2077 657 2138 malitiose
690 2087 720 2135 et
742 2071 857 2134 Crasso
871 2072 1037 2151 secundum
1053 2072 1139 2136 Coss.
1155 2077 1188 2138 id
1203 2095 1286 2136 anno

57 2158 189 2218 conficta
204 2172 284 2233 sunt,
300 2172 335 2219 ut
348 2158 488 2221 Cornelii
503 2160 585 2222 Galli
598 2161 658 2222 ele·
675 2156 815 2238 Virgilii
831 2168 884 2216 aut
897 2155 1015 2217 decimo
1031 2156 1137 2237 quinto
1151 2157 1284 2239 comple-

57 2243 126 2322 gio),
138 2254 169 2302 et
177 2262 278 2323 nuper
290 2241 431 2303 Petronii
444 2245 656 2325 fragmentum.
690 2256 732 2318 to,
746 2254 799 2302 aut
813 2240 931 2301 decimo
946 2254 1029 2301 sexto
1050 2240 1172 2303 ineunte
1181 2240 1285 2303 bonti-

95 2325 183 2386 ldem
193 2340 261 2385 esto
271 2326 311 2386 dc
321 2325 559 2407 Cirijudicium,
568 2350 659 2409 quam
691 2326 745 2406 git.
791 2322 847 2384 Sin
871 2324 910 2385 ad
924 2344 1018 2405 usque
1030 2323 1181 2388 decimum
1192 2325 1285 2409 septi·
1315 2390 1317 2395 ,

59 2410 162 2470 Ouidii
175 2424 317 2489 tempere
327 2410 526 2491 posteriorem
536 2433 600 2473 esse
612 2413 658 2472 in·
690 2428 771 2469 mum
784 2408 936 2469 ineuntem
948 2408 1149 2471 recedendum
1158 2408 1216 2487 est:
1230 2429 1285 2471 au·

59 2491 275 2572 ilieatScyllae,
283 2492 380 2573 patris
387 2496 532 2575 etputriee
540 2496 658 2556 ruinam
690 2512 746 2553 nus
758 2492 783 2552 is
796 2492 853 2553 fuit
863 2490 903 2551 U.
918 2491 956 2552 C.
973 2495 1046 2552 700.
1068 2491 1283 2569 Consonat..

58 2576 242 2651 meditantis,
269 2596 340 2637 eum
369 2577 488 2639 nutrice
510 2579 660 2661 colloqui·
689 2576 845 2637 Domitius
871 2574 1077 2651 AEnobarbus,
1106 2590 1138 2638 et
1164 2576 1286 2661 Appius

59 2684 122 2735 utu:
145 2660 233 2721 locus
256 2659 382 2721 omnino
397 2677 537 2724 exaratus
559 2665 598 2725 ad
619 2664 658 2724 si·
691 2659 840 2722 Claudius
852 2658 995 2720 Pulcher.
1014 2656 1049 2719 Si
1062 2660 1191 2742 denique
1203 2660 1285 2721 deci·
1315 2696 1327 2727 r

60 2744 260 2805 militudinem
287 2743 369 2805 illius
392 2744 548 2827 colloquii,
576 2748 658 2828 qnod
690 2765 756 2804 mus
769 2744 911 2826 septimus
927 2742 1093 2825 completus
1108 2744 1286 2824 requiritur,

64 2830 157 2888 habet
171 2826 297 2909 bip-rrha
311 2829 407 2909 patris
423 2850 525 2892 arnore
544 2832 658 2893 insani·
691 2849 787 2887 annus
811 2826 867 2886 luit
888 2824 929 2886 U·
954 2824 992 2888 C·
1016 2831 1088 2888 701·
1124 2826 1284 2903 Consules,

60 2933 123 2987 ens,
141 2933 209 2973 cum
224 2912 340 2973 nutrice
364 2914 435 2974 item
451 2915 515 2991 suti,
530 2913 656 2977 Metam.
691 2911 750 2972 Cn.
767 2910 921 2972 Domitius
937 2908 1096 2987 Calvinus,
1112 2923 1141 2972 et
1154 2909 1200 2972 M.
1220 2910 1285 2972 Va-

62 2998 80 3056 1.
95 3002 125 3057 9.
144 2996 220 3057 'Nee
233 2996 360 3057 abstinet
375 2996 492 3078 Scyllae
507 3001 608 3060 nutrix
619 3002 658 3060 ab
690 2995 781 3056 lerius
802 2994 955 3072 Messala3
977 3015 1067 3076 quem
1082 3016 1193 3055 annum
1213 3015 1285 3055 con·

65 3079 657 3164 eneinploipsiushlyrrhaeproferendo:
691 3082 792 3157 signat
817 3079 864 3139 his
889 3079 991 3138 verbis
1019 3076 1226 3156 Hieronymus
1255 3078 1287 3137 in

63 3181 93 3223 nt
115 3162 211 3245 pulania
235 3163 397 3226 existimem
422 3165 558 3228 fictorem
574 3167 659 3228 illum
690 3160 842 3224 Eusebio:
883 3159 1037 3239 Virgilius
1066 3158 1183 3239 sumptd
1216 3158 1288 3241 togd

60 3246 248 3327 Virgilianae
257 3244 348 3323 Ciris,
360 3250 400 3310 ad
409 3248 572 3330 Myrrham
583 3249 659 3311 Ovi·
690 3242 903 3305 Mediolanum
917 3238 1148 3323 transgreditur.

60 3334 184 3392 dianam
198 3330 276 3391 in'ter
290 3333 481 3393 scribendum
495 3333 600 3395 oeulos
613 3334 659 3394 in·
732 3326 776 3388 Et
790 3325 873 3400 verb,
896 3325 952 3386 etsi
966 3324 1111 3386 Romano
1120 3326 1193 3406 jure
1215 3347 1287 3409 pue·

60 3416 202 3477 tendisse.
245 3412 317 3476 Non
329 3430 376 3478 est
384 3417 479 3493 igitur
491 3419 659 3479 audiendus
690 3411 761 3472 ritia
782 3431 863 3471 anno
888 3415 925 3472 17
941 3409 1087 3486 finiretur,
1103 3422 1228 3493 tumque
1240 3433 1288 3473 su-

60 3499 213 3579 Sealiger,
236 3500 305 3561 curn
328 3493 428 3562 Cirim
452 3502 535 3563 illam
562 3502 659 3584 ipsam
691 3508 821 3585 meretur
840 3507 914 3575 toga
936 3515 1015 3575 pura
1036 3515 1089 3576 seu
1109 3495 1220 3556 virilis:
1243 3508 1288 3558 ta-

60 3587 201 3646 ultimum
221 3604 288 3645 esse
308 3586 412 3647 statuit
431 3608 507 3668 opus
521 3585 658 3666 Virgilii,
691 3600 759 3641 men
779 3601 836 3660 pro
859 3578 986 3640 arbitrio
1008 3590 1126 3660 tempus
1141 3580 1217 3641 illud
1233 3580 1287 3642 nli-

63 3671 154 3729 etiarn
187 3666 320 3729 AEneide
356 3672 520 3752 posterius3
563 3692 659 3751 quan-
691 3665 815 3744 quando
824 3664 1015 3725 immutatum
1025 3664 1201 3745 reperimus.
1224 3665 1288 3726 Au-

63 3775 152 3833 quam
167 3752 248 3813 enim
261 3752 359 3815 lusum
372 3769 417 3815 est
428 3755 561 3816 feliciore
571 3754 658 3830 vensi,
692 3762 797 3829 gustus
813 3769 849 3809 ex
871 3747 1019 3808 Suetonio
1034 3759 1140 3826 togam
1164 3747 1290 3830 sumpsit

64 3839 152 3917 elnam
177 3836 294 3914 Culex3
325 3853 426 3899 tamen
441 3840 547 3919 jacent
569 3839 600 3899 in
623 3860 659 3899 eo
692 3853 773 3894 auito
792 3838 840 3894 16.
868 3831 1016 3911 Caligula
1028 3850 1065 3893 ex
1077 3832 1194 3910 eodem,
1208 3853 1287 3894 anno

62 3922 168 3997 inulta,
184 3922 280 3982 multa
294 3923 428 3998 hument,
452 3924 548 3985 nitent
569 3923 659 4005 quam
691 3922 743 3978 20.
788 3916 832 3977 M·
856 3917 1008 3977 Antonius
1030 3916 1230 4000 philosophus
1252 3938 1286 3978 es

62 4006 261 4087 paucissima:
288 4028 345 4067 nec
369 4008 388 4066 ir
415 4006 548 4087 Virgilio
575 4029 660 4068 sene·
691 4001 776 4062 Julio
792 4000 981 4082 Capitolino,
998 4022 1078 4063 anno
1093 4005 1142 4064 15.

64 4103 174 4163 sicutte,
188 4103 566 4171 etaequorerumsuarum
579 4093 660 4153 msti-
745 4127 957 4175 ,111111101οῆ
987 4128 1048 4189 Aug·
1058 4128 1093 4173 18.
1128 4127 1236 4190 14,ng

65 4192 179 4234 uiatore
194 4175 285 4235 scribi
309 4175 429 4236 tantillo
452 4176 482 4235 in
504 4178 660 4257 po'e'nratio
815 4190 841 4234 C.
852 4189 938 4236 turres
950 4190 1040 4236 (31111
1052 4190 1074 4234 3.

65 4259 174 4338 potuit:
212 4258 325 4341 decipe
349 4259 430 4321 douo
455 4283 516 4321 men
538 4260 660 4322 meiltlem
816 4252 1126 4299 111111111111111111.

64 4342 193 4427 &pinta
214 4340 332 4404 lubere:
355 4365 410 4407 nec
433 4343 598 4426 Virgilium
607 4347 660 4425 ju-
691 4328 858 4410 JULIUS
884 4347 993 4410 Caesar
1026 4368 1127 4410 mense
1160 4338 1285 4412 Octobri

68 4447 179 4505 venem,
223 4439 254 4487 et
291 4426 452 4503 Bucolica,
494 4428 658 4509 Georgica,
693 4447 798 4513 quater
831 4434 997 4516 triumphat
1030 4434 1068 4494 de
1104 4430 1215 4510 Gallia,
1250 4432 1287 4495 de

68 4508 197 4573 AEneitla
207 4512 411 4589 meditantem,
421 4526 536 4574 tuntum
550 4517 590 4574 rei
605 4537 659 4596 po·
692 4518 776 4593 Auiti,
793 4519 830 4578 de
845 4517 995 4599 AEgypto‚
1013 4515 1051 4577 de
1064 4517 1179 4580 Africis.
1224 4516 1286 4579 Oc·

67 4596 154 4657 eticae
165 4598 230 4677 jam
254 4610 319 4658 tutu
333 4612 453 4681 ceperat
477 4598 611 4675 taedium,
628 4614 661 4660 ut
692 4603 800 4678 tevine,
824 4603 935 4663 sororis
949 4602 1013 4679 ejus
1029 4624 1132 4687 nepos,
1147 4600 1287 4664 militari·

69 4679 97 4739 in
112 4681 171 4742 hoc
188 4694 251 4743 tam
266 4682 327 4744 levi
342 4702 432 4764 opere
447 4683 583 4745 desinere
597 4705 657 4745 non
690 4684 743 4748 bru
756 4686 842 4749 (lonis
855 4684 1005 4773 tuterapiu
1024 4685 1156 4779 Ceteris
1170 4684 1293 4774 iliricu-

70 4764 233 4825 dubitaret:
249 4764 522 4844 Inqrrosicremeae
536 4778 722 4837 aurianae
751 4774 885 4841 doristus
913 4790 968 4859 cst,
993 4779 1314 4871 quunquum'eapus
1335 4850 1341 4859 ,
