2766 5174
541 104 764 170 HISTORIA.
1032 122 1035 128 ⁴
1204 117 1265 179 xvii

41 252 179 315 derivare
189 250 231 311 ad
246 271 279 311 se
294 270 354 313 uon
365 250 545 335 potuissent,
560 264 641 312 vete·
674 274 753 315 anuo
761 256 813 317 28.
822 252 958 330 Servius,
966 272 1047 315 anuo
1055 259 1108 317 29.
1115 256 1210 339 Atqui
1217 262 1265 323 di-

39 357 106 397 rum
119 354 333 419 possessorum
346 334 479 417 querelis
491 334 522 396 iu
545 334 641 416 speci·
673 335 796 399 visionis
806 337 945 400 Actiaca
956 350 1093 437 tempore
1101 360 1197 403 annos
1210 363 1266 405 uu-

39 416 379 495 esucommoti,bellum
392 419 424 480 iu
437 416 642 480 Octavianum
674 421 808 483 merabat
812 422 918 504 plenos
923 434 1013 503 atque
1018 436 1267 505 integrosnovcm

40 503 207 564 suscitant.
249 500 372 563 Asinius
386 501 501 579 Pollio,
516 500 561 563 M.
576 502 643 571 Au·
674 523 711 564 ac
723 503 860 584 triginta:
882 506 968 603 quod
980 505 1127 569 incuriam
1139 508 1267 591 scripto-

42 587 117 647 tonii
128 584 299 665 singularis
308 588 435 662 amicus,
444 583 578 647 Galliam
588 583 644 646 Ci-
676 608 743 648 rum
758 588 903 666 ejusmodi
919 590 1107 652 manifestam
1121 591 1202 655 facit.

42 671 197 751 salpiuam
210 668 331 729 iuterim
341 669 439 752 copiis
452 669 645 745 tcuetbzAl·
718 670 819 751 Igitur
829 674 870 734 sic
883 687 993 735 statuo.
1023 673 1188 755 Virgilium
1197 676 1267 739 Asi·

41 755 126 835 pium
143 752 307 813 transitum
330 752 495 815 Octaviani
517 752 646 833 legioni·
679 755 729 815 uio
744 754 889 833 Pollioni,
903 771 965 820 turn
978 759 1008 819 iu
1023 757 1267 843 GalliiCisalpi-

41 839 97 898 bus
109 836 304 913 intercludit,
319 849 355 897 ut
368 850 487 899 constat
499 857 535 898 ex
549 836 647 919 Appi·
679 839 720 899 ui
739 840 768 900 br
789 837 927 916 Venetii,
949 843 1034 923 cujus
1052 864 1122 925 pars
1136 856 1180 905 est
1194 863 1269 923 eger

45 920 233 1065 tulii·
263 919 648 1067 dillubium?
679 921 958 1068 ltl‘lltnll
979 926 1271 1072 utilitum

46 1108 99 1166 tus,
113 1090 175 1150 sub
191 1025 267 1149 addi
289 1088 442 1170 sequentis
463 1088 582 1149 initium
597 1087 650 1148 de·
681 1028 943 1173 phimpstuduerat,
955 1030 1018 1151 ’side
1029 1114 1082 1174 per
1094 1031 1270 1155 colneium

48 1171 269 1248 ditiPerusii,
292 1192 363 1235 cum
385 1186 500 1256 septem
521 1171 549 1257 le
573 1170 651 1231 ‘oui·
684 1173 818 1252 Gallum,
834 1174 897 1235 sive
912 1194 967 1256 per
981 1175 1111 1257 seipsum
1125 1176 1271 1239 innotuis·

47 1254 291 1331 busVenetiam‚
303 1256 336 1319 iu
351 1257 414 1338 quis
425 1256 548 1338 regione
598 1276 652 1316 au·
684 1279 729 1320 se:
784 1279 817 1320 er
837 1257 1011 1320 Pollionem
1033 1262 1274 1322 commendatum

50 1355 170 1417 tuaest,
186 1340 221 1401 in
235 1353 389 1423 potestate
398 1340 525 1402 Antonii
538 1339 591 1400 diu
606 1358 652 1398 re·
684 1362 747 1403 esse
761 1280 940 1404 lloeceuati:
963 1363 1018 1425 per
1032 1342 1113 1404 hunc
1128 1343 1167 1404 ad
1181 1342 1277 1406 Octu-
1350 1349 1353 1353 '

50 1426 133 1501 tinet,
150 1438 186 1485 ut
200 1436 328 1486 testamr
340 1422 487 1486 Velleius.
582 1469 586 1477 -
683 1426 766 1488 viani
793 1425 923 1507 gratiam
952 1426 1116 1509 irrepsisse.
1170 1424 1277 1508 Quan-

91 1510 198 1589 Atque
207 1508 277 1569 lraec
289 1506 344 1569 illa
356 1521 402 1570 est
409 1507 545 1589 Agraria
558 1506 652 1587 largi·
684 1528 776 1591 quam
796 1509 875 1571 euim
897 1522 968 1574 tuuc
992 1509 1178 1573 diversarum
1192 1522 1279 1573 eraut

52 1594 111 1667 tio,
124 1592 190 1673 qui
199 1590 352 1672 Virgilius
367 1592 494 1653 Audiuo
507 1591 654 1673 patrimo·
685 1594 817 1676 partium
830 1591 985 1655 Maecenas
1007 1596 1036 1656 br
1056 1593 1174 1657 Pollio:
1196 1594 1277 1656 simi·

55 1676 110 1737 uio
123 1696 181 1737 suo
194 1674 357 1737 mulctatus
371 1688 428 1737 est.
451 1674 561 1757 Neque
575 1673 655 1736 euim
687 1677 784 1738 litudo
809 1688 911 1737 tamen
936 1677 1103 1738 studiorum
1129 1679 1159 1739 br
1189 1698 1280 1760 sequa

55 1774 106 1835 est,
115 1780 173 1820 cur
183 1756 346 1819 Corradus
356 1758 559 1821 calamitatem
573 1757 657 1819 illam
688 1756 848 1844 probitatis
859 1758 941 1820 suma
955 1760 999 1821 sic
1010 1772 1169 1842 utrumque
1183 1763 1279 1824 sociu-

57 1843 204 1905 accidisse
251 1844 335 1904 οδω
350 1842 518 1926 suspicetur
539 1843 657 1904 decem·
687 1846 751 1921 bat,
766 1857 800 1905 ut
814 1863 896 1905 auno
910 1841 1048 1925 proxime
1064 1856 1205 1924 sequente
1228 1845 1280 1905 ad-

56 1926 142 1987 rirali
155 1926 214 1987 illi
224 1863 388 2004 divisione,
403 1947 474 2008 quae
485 1925 658 1988 Mutinense
689 1926 816 1990 ministri
831 1926 1039 1989 Brundusium
1077 1927 1139 1989 acis
1154 1927 1216 1989 uni
1229 1928 1282 1990 ad·

57 2011 167 2071 bellum
194 2023 303 2072 secuta
324 2025 379 2086 est,
394 2011 424 2071 br
445 2010 493 2072 cui
516 2010 659 2070 intererat
690 2011 778 2073 lribiti
790 2011 859 2074 siut.
903 2008 998 2073 Certe
1008 2009 1057 2072 Po
1080 2010 1158 2073 'onis
1170 2012 1202 2073 iu
1211 2010 1282 2073 Vir-

59 2093 188 2155 Cicero:
203 2106 271 2155 turn
283 2096 365 2155 enirn
378 2093 454 2155 levis
469 2105 534 2155 erat
544 2113 580 2154 ac
595 2092 658 2153 sere
691 2095 798 2177 gilium
816 2096 921 2178 priora
934 2094 1025 2157 luisse
1038 2095 1154 2171 merita,
1169 2093 1284 2159 Maece·

62 2178 140 2240 nulla
159 2177 279 2239 Romoe
296 2178 462 2240 Octaviani
485 2176 659 2251 auctoritas,
691 2179 770 2241 natis
797 2180 928 2262 potiora,
953 2179 1002 2240 vel
1031 2198 1068 2239 ea
1093 2199 1139 2241 res
1165 2180 1283 2262 probat,

60 2259 662 2426 &Affigitiffitillil
693 2260 1285 2427 llldllttlnlsszlli‘slliPAl

420 2390 428 2406 .
747 2393 755 2423 ,
1278 2391 1285 2407 .

62 2430 154 2511 gilius
169 2429 273 2491 dicere
282 2442 347 2490 tum
362 2429 400 2491 de
418 2427 473 2491 illo
487 2449 548 2490 uon
563 2427 664 2510 potuit
693 2429 917 2510 Eclogisuuici
926 2450 996 2491 mox
1007 2429 1039 2490 iu
1049 2428 1130 2490 illius
1142 2429 1286 2492 honorem

64 2512 183 2573 idl'ael.
199 2518 228 2573 l.
269 2510 354 2575 Deus
369 2511 455 2575 uobis
468 2512 530 2573 lroec
544 2509 663 2593 otiose
695 2513 791 2591 editi3
815 2513 977 2594 Georgicis
991 2512 1101 2574 deinde
1115 2512 1199 2575 libris
1214 2534 1288 2595 qua·

65 2596 126 2671 er't;
155 2614 252 2677 neque
276 2595 374 2660 istud:
408 2594 472 2659 fflc
492 2595 577 2658 illum
600 2592 664 2656 vids·
696 2615 765 2661 tuor
779 2598 868 2679 hujus
884 2597 1000 2659 uomiui
1014 2598 1206 2679 nuncupatis.

57 2680 208 2764 juvenen,
238 2676 387 2758 Molibus,
437 2679 576 2742 uotuum‘s
603 2676 664 2740 Bis
736 2680 895 2744 Fretusei
908 2680 1171 2745 commendatione
1184 2679 1289 2761 Virgi-

65 2786 149 2825 rcoos
162 2764 395 2829 minostrodier
437 2763 664 2846 toriosumnut3
696 2767 764 2843 lius,
791 2785 883 2846 agros
904 2779 939 2826 ut
959 2765 1107 2846 reciperet
1130 2784 1209 2835 suos,
1223 2762 1291 2822 Ru-

69 2846 171 2930 potur't
197 2845 271 2907 verri
292 2846 349 2909 llic
369 2846 563 2930 Philippensi
587 2846 665 2905 divi·
698 2869 777 2911 mam
793 2850 849 2908 sub
864 2848 936 2908 anui
951 2846 1040 2923 hujus
1061 2844 1149 2903 initia
1162 2842 1291 2941 primiuu

66 2933 170 3013 sioue3
193 2930 265 2991 siun
278 2931 383 3012 sejam
400 2930 589 2993 Octavianus
602 2926 666 2989 Di·
698 2932 788 2994 venit.
833 2926 950 3010 Quidni
964 2925 1044 2988 euim
1060 2924 1193 3007 Virgilro
1208 2926 1246 2988 de
1260 2947 1292 2989 se

66 3017 94 3077 ri
101 3014 188 3077 Julri
198 3014 294 3077 lilium
304 3016 481 3116 appellaret,
490 3013 667 3095 summique
698 3016 773 3077 fides
795 3010 959 3074 habeatur?
1002 3012 1045 3072 At
1058 3009 1180 3093 Eclogi
1192 3011 1294 3157 primi

106 3101 197 3162 lleret
233 3098 438 3163 triumviratus
475 3098 665 3162 auctoritate.
698 3100 754 3161 sub
766 3096 870 3179 Tityri
882 3094 1012 3179 persoui
1023 3109 1157 3172 testatur,
1167 3094 1191 3156 si
1214 3096 1292 3159 ian·

85 3184 168 3245 lultb
205 3184 304 3245 mirrirs
340 3183 455 3246 serendi
488 3183 610 3246 Probus
639 3181 667 3241 br
699 3197 728 3245 tc
750 3182 875 3244 amissos
890 3202 982 3264 agros
996 3180 1129 3241 Romam
1153 3180 1291 3262 ignotam

67 3267 260 3350 Pomponius
266 3266 412 3345 Sabinus,
422 3268 474 3350 qui
487 3268 518 3328 id
529 3266 568 3328 ad
580 3265 666 3327 Acti·
698 3267 803 3329 luisse:
829 3265 938 3330 Urbem
952 3286 1040 3348 quam
1052 3263 1152 3326 dicunt
1162 3263 1293 3328 Romam

70 3374 158 3413 acam
166 3351 346 3413 divisionem
359 3352 667 3434 rejiciuntbrauuum
698 3348 849 3427 Molibus,
869 3349 977 3435 putavi
1002 3347 1116 3410 Stultus
1142 3369 1197 3432 ego
1223 3349 1293 3412 laic

72 3434 110 3497 U.
126 3433 166 3498 C.
182 3438 254 3498 ⁷23.
299 3434 381 3499 Cium
393 3437 472 3498 euim
486 3439 503 3497 ὸ
516 3435 667 3519 plerisque
698 3445 807 3498 nostre
822 3434 955 3509 similem,
969 3435 1019 3512 lic.
1033 3453 1063 3492 se
1078 3430 1225 3493 libertatis
1238 3434 1293 3495 ob·

71 3520 210 3582 omnibus
223 3518 409 3601 Virgilianae
424 3520 496 3582 vitre
511 3518 667 3602 scriptori-
700 3521 832 3582 tiueudae
859 3518 959 3600 gratiis
982 3516 1015 3579 eb
1035 3515 1219 3600 profectum:
1246 3516 1294 3581 Et

10 3642 14 3655 ι
72 3606 126 3665 bus
153 3618 269 3665 certium
290 3604 340 3682 sit,
363 3603 515 3667 Bucolica
538 3603 668 3665 triennio
699 3614 861 3688 quaetoutu
890 3601 1068 3665 uitRomam
1081 3598 1136 3661 tibi
1148 3601 1293 3666 comori-

10 3666 16 3705 Ι
71 3709 132 3751 esse
146 3688 299 3771 perlecta3
321 3702 437 3751 certum
451 3689 531 3765 item,
548 3701 580 3749 ut
598 3707 670 3749 mox
701 3688 815 3751 dandi?
896 3686 1007 3757 'bertas
1022 3687 1074 3766 isc.

74 3772 337 3850 demonstrabitur,
361 3771 515 3854 Eclogam
529 3785 670 3854 quartam
743 3772 823 3834 Eam
840 3774 879 3831 ob
902 3792 965 3833 rem
986 3773 1058 3834 iuter
1079 3769 1197 3833 fabulas
1219 3782 1293 3854 puto

10 3870 13 3973 p
77 3878 148 3920 anno
165 3855 208 3919 U.
226 3854 266 3919 C.
288 3862 362 3919 714.
385 3855 527 3919 Pollione
549 3855 670 3917 Consu·
702 3857 849 3938 quicquid
864 3857 956 3919 habet
965 3859 1033 3919 vitae
1044 3855 1172 3937 scriptor
1183 3853 1294 3934 deejus

10 4006 12 4025 Ι
77 3940 110 4018 le,
133 3962 197 4003 esse
219 3940 333 4002 editam
340 3964 350 4018 3
373 3956 488 4003 certum
498 3940 534 4002 'id
549 3960 671 4022 quoquc
703 3942 742 4002 ad
756 3940 921 4009 Octaviani
941 3942 1069 4023 gratiam
1091 3939 1189 4002 aditu:
1212 3935 1295 4019 qudd

77 4026 246 4088 labendum
260 4037 316 4104 est,
331 4025 463 4109 spatium
487 4023 560 4087 illud
577 4025 670 4085 tricu-
703 4026 849 4105 magistro
860 4027 967 4088 stabuli
984 4027 1092 4087 charus
1106 4021 1237 4109 primum
1248 4022 1295 4085 su·

80 4110 115 4169 uii
125 4112 209 4173 circa
224 4108 427 4171 Consulatum
441 4108 592 4171 Pollionis
607 4129 671 4168 our·
704 4111 773 4170 crit:
790 4111 870 4191 quiid
884 4133 977 4194 panes
989 4110 1085 4171 eidem
1097 4122 1131 4169 ut
1140 4106 1191 4169 uui
1204 4106 1222 4169 b
1234 4119 1296 4169 sta·

80 4194 145 4256 uiuo
155 4216 220 4258 esse
233 4194 464 4257 numerandum.
488 4193 577 4255 Adde
589 4191 673 4274 qubd
702 4194 832 4255 bulariis
847 4196 878 4256 iu
894 4195 1028 4277 singulos
1043 4193 1106 4255 dies
1121 4193 1198 4255 dati:
1214 4190 1297 4275 qubd

81 4278 153 4341 idern
167 4279 231 4363 ipse
241 4278 435 4362 Pomponius
447 4276 613 4359 Virgilium
626 4276 672 4337 di·
705 4278 903 4357 Octaviauus,
919 4282 957 4341 de
969 4298 1079 4359 genere
1094 4300 1129 4340 ac
1144 4291 1229 4362 patre
1241 4296 1296 4338 suo

81 4380 125 4424 rat
145 4362 273 4427 edidisse
294 4362 449 4426 Bucolica
469 4383 551 4425 auno
574 4361 673 4423 aetatis
705 4363 870 4447 aliqnando
892 4363 1036 4443 solicitus,
1059 4361 1248 4429 corisuluerit
1265 4358 1306 4424 eit

83 4448 127 4511 23.
151 4464 203 4511 aut
226 4452 277 4513 24.
299 4446 470 4513 Probus&
487 4445 667 4513 Parianus.
699 4448 738 4513 dc
751 4471 785 4514 re
808 4452 1013 4522 stabularium
1027 4452 1217 4534 blaroucm3
1236 4450 1319 4536 etus·
