2766 5174
705 148 766 209 lto

359 482 401 556 Ρ.
423 479 634 557 VIRGILII
658 476 890 554 MARONlS
915 472 1090 547 AENEIS.

570 1016 906 1084 ARGUMENTUM.

161 1168 323 1238 AENEIS
330 1172 441 1253 poima
454 1167 615 1241 beroicum,
629 1164 689 1226 tine
704 1165 827 1247 epicum,
841 1163 878 1225 ab
890 1162 993 1226 AEneci
1010 1162 1156 1247 Trojano,
1172 1162 1209 1226 V
1205 1161 1303 1226 emeris
1317 1172 1345 1224 et

119 1253 348 1338 ,incbisajilin
360 1250 482 1315 Priami
518 1270 615 1326 enero,
625 1267 729 1310 nomen
745 1246 852 1311 babet:
873 1270 934 1310 nou
949 1248 1030 1331 qood
1043 1247 1173 1310 actiones
1186 1246 1272 1310 illius
1284 1266 1343 1309 om·

119 1364 171 1405 nes
183 1362 245 1404 eom
283 1336 432 1411 ebentlat3
452 1356 483 1397 sc
518 1354 607 1395 unam
618 1331 697 1393 inter
711 1352 808 1394 omnes
818 1331 1015 1416 praeeipuam,
1030 1331 1139 1393 seilicet
1166 1352 1293 1416 regnum
1312 1330 1345 1393 itt

120 1424 216 1490 Italici
232 1361 406 1507 gaulalum.
442 1417 565 1501 Scripta
584 1427 626 1478 est
647 1415 666 1476 lt
686 1413 825 1500 Virgilio
840 1415 872 1477 iu
889 1416 1035 1499 gratiam,
1051 1426 1111 1476 tum
1132 1415 1283 1477 Romana
1300 1424 1345 1476 to·

121 1510 180 1571 tins
186 1507 297 1593 gentis,
319 1515 379 1566 tum
384 1500 517 1588 familia
533 1498 681 1584 imprimis
695 1496 797 1576 ludite,
810 1520 875 1583 qua
883 1499 1030 1583 originem
1050 1498 1195 1596 rgsecebat
1209 1519 1295 1561 suam
1305 1496 1346 1561 atl

121 1592 221 1657 lulum
233 1590 293 1652 siue
306 1587 480 1664 Ascanium,
489 1584 598 1647 AEnea
604 1582 709 1667 fllium
723 1605 759 1646 ec
776 1581 1108 1666 CreticiPriumifilrb.
1140 1582 1345 1666 Inbancpor·

122 1680 156 1741 rb
157 1673 311 1761 familiam
333 1671 463 1733 otltcitns
485 1671 505 1731 b
526 1668 613 1732 Julio
641 1666 919 1731 Uasareaonnculo
934 1667 1040 1750 suerat
1059 1665 1253 1742 Octauianus,
1277 1680 1345 1729 tunt

122 1781 220 1823 rerum
228 1771 347 1842 potens,
356 1766 443 1840 atque
455 1753 583 1839 Egpyto
594 1750 726 1829 subacti,
741 1751 792 1814 M.
804 1750 940 1813 Antonio
953 1763 980 1813 et
997 1750 1161 1834 Cleopatra
1173 1748 1346 1833 interfictit,

122 1867 199 1908 unns
209 1842 288 1905 orbis
298 1838 432 1904 Romani
446 1837 592 1900 dominus.
618 1835 718 1898 Scribi
729 1846 824 1919 captu
835 1846 887 1911 est,
899 1835 991 1897 Auno
1010 1834 1048 1907 U.
1069 1834 1106 1897 C.
1121 1840 1193 1897 724.
1209 1844 1348 1896 exeunte:

127 1926 259 2011 Virgilio
274 1931 326 1987 40.
354 1922 516 1986 Octauiani
530 1926 594 1993 33.Ι
605 1919 669 1981 ebus
688 1919 872 1981 Octauianus
886 1920 919 1981 in
933 1919 1011 1982 Asici
1033 1941 1093 1981 nou
1115 1919 1204 2003 longi
1220 1917 1257 1980 ab
1281 1916 1348 1980 En·

121 2010 228 2094 pbrote
249 2010 416 2091 byemoret:
438 2016 525 2088 atque
546 2003 591 2064 ita
618 2002 679 2065 Vir
701 2003 773 2068 ilius
793 2013 861 2087 post
883 2003 1049 2066 adhibitam
1071 2000 1229 2087 Georgicis
1253 2011 1349 2064 extre·

121 2114 199 2157 mam
213 2112 341 2166 manum,
355 2086 493 2151 continuo*
508 2086 638 2149 animum
697 2086 779 2148 neitli
789 2086 906 2150 uitletur
918 2110 958 2172 ap
980 2085 1118 2161 licuiete3
1138 2087 1171 2148 in
1186 2087 1280 2171 cuique
1295 2107 1350 2147 an·

122 2197 187 2251 uos,
200 2186 233 2235 ut
246 2173 333 2236 babet
356 2169 489 2248 Serviat,
511 2168 647 2232 undecim
658 2170 826 2247 eollottiue,
847 2184 922 2268 punt
934 2111 979 2234 ab
987 2192 1020 2233 eo
1035 2181 1090 2233 tem
1113 2192 1163 2233 ore
1175 2170 1217 2232 tul
1226 2180 1352 2233 mortem

47 2332 56 2339 ,
128 2256 245 2343 Vigilii
258 2256 377 2319 omnino
388 2263 592 2317 numerantur.
618 2253 743 2317 Secutus
758 2265 799 2316 est
817 2255 975 2352 Virgilius,
989 2254 1064 2317 utin
1110 2252 1233 2317 aeolicis
1249 2253 1352 2317 Tbeo·

123 2343 239 2418 critum,
253 2342 286 2404 in
303 2337 460 2437 Georgicis
470 2336 639 2401 Hesiodum
645 2363 658 2414 ,·
679 2338 724 2401 ita
738 2338 772 2401 in
787 2338 919 2402 AEnenle
941 2339 1126 2404 Homerum:
1147 2335 1231 2421 cujus
1250 2335 1352 2421 Odys·

123 2449 202 2489 seam
222 2448 274 2488 sec
317 2422 447 2486 rioribus
465 2421 561 2499 libris,
577 2419 705 2487 Iliacletn
719 2445 770 2485 sec
786 2424 1015 2507 posterioribus,
1030 2421 1183 2508 expressit,
1199 2443 1239 2485 nn
1262 2420 1353 2485 etia·

123 2446 355 2595 superunita
366 2508 433 2570 verb
449 2505 611 2592 ambigitur
622 2507 701 2570 inter
716 2508 826 2571 clectos.

1348 2654 1360 2691 l

384 2958 447 3022 DE
470 2954 659 3021 NATURA
681 2953 911 3019 POEMATIS
934 2954 1067 3018 EPICI.

169 3100 327 3166 ΡΟΕΜΛ
342 3122 356 3162 e
384 3100 391 3114 ⁸
407 3122 466 3177 um,
479 3102 542 3163 sive
556 3099 701 3184 epopeeia,
717 3101 760 3162 sic
773 3100 887 3162 dictum
906 3114 952 3161 cst
966 3103 1005 3162 nb
1017 3110 1066 3161 tros
1078 3101 1206 3180 uerbum,
1220 3104 1296 3186 quin
1306 3118 1356 3167 to·

127 3200 193 3249 tum
214 3188 317 3267 poe'itn³
363 3184 475 3245 'ctione
493 3206 545 3245 seu
569 3183 745 3245 narratione
770 3184 951 3245 continetur.
989 3183 1145 3248 Definitur
1160 3208 1198 3248 ex
1211 3187 1359 3251 doctrin&

127 3269 317 3332 Aristotelis:
330 3264 464 3329 Imitatio
474 3267 601 3329 aetionis
611 3267 699 3328 nnita
710 3263 849 3344 illustris,
857 3268 1016 3351 complete,
1028 3280 1113 3331 certa
1122 3270 1355 3354 magnitudinis,-

209 3350 383 3413 narratione
394 3361 423 3413 et
433 3371 519 3412 oerru
528 3350 696 3413 besametro
712 3350 792 3412 uiros
807 3352 962 3437 principes
975 3374 1039 3415 eum
1051 3353 1252 3418 admiratione
1263 3366 1292 3418 et
1304 3356 1356 3419 tls·

128 3372 285 3498 ffinone
297 3434 511 3518 adprimarias
520 3435 642 3497 uirtutes
657 3433 774 3496 excitat.

171 3518 316 3600 Quinque
336 3519 557 3605 complectitur,
573 3517 726 3594 actionem,
742 3518 894 3601 sabulum,
917 3543 1021 3598 morer,
1047 3521 1231 3599 sententiam,
1247 3521 1357 3585 dictio-

129 3624 205 3665 uem.
228 3602 330 3679 Actio,
351 3617 396 3665 est
410 3604 561 3687 poimutis
576 3602 726 3665 materia:
748 3603 853 3670 subula
866 3620 912 3666 est
935 3607 1064 3667 nunonis
1078 3606 1179 3668 sormn
1196 3619 1226 3669 et
1240 3620 1358 3669 uncis·

130 3687 196 3747 tio:
218 3706 327 3763 mores,
343 3689 500 3766 sententia,
513 3686 617 3764 dictio,
634 3702 704 3749 sunt
718 3689 889 3751 necessaria
903 3689 1016 3751 sabulae
1031 3704 1219 3753 ornaments.
1252 3689 1358 3753 Poita

130 3769 222 3831 sumit
244 3770 393 3835 senonem
417 3771 457 3832 ab
481 3773 585 3847 heroii,
609 3769 744 3833 sabulum
768 3775 808 3836 ub
832 3788 896 3835 arte
911 3773 975 3850 suis,
999 3795 1098 3836 mores
1113 3775 1132 3836 i
1146 3773 1358 3859 pltilosuphii,

130 3854 309 3916 sententiam
323 3853 342 3914 it
356 3854 518 3932 rhetoricis,
533 3854 698 3918 dictionem
715 3854 733 3915 i
747 3858 958 3938 grammatici.
1013 3876 1017 3885 ·

170 3935 313 4000 ACTIO
325 3937 414 3999 debet
428 3958 493 4001 esse
503 3960 576 4016 una,
590 3938 728 4016 illustris,
743 3940 898 4025 completa,
909 3951 994 4004 eertce
1008 3940 1238 4025 magnitudinis.

175 4020 256 4097 Una,
271 4020 304 4082 id
325 4034 380 4098 est,
394 4023 433 4083 ab
448 4043 510 4085 uno
525 4024 618 4084 heroii
631 4024 802 4106 proecipuo,
815 4040 845 4085 et
857 4046 918 4087 uno
933 4023 1078 4087 contiuuo
1094 4027 1195 4109 spatio
1209 4028 1361 4110 temporis

131 4104 244 4184 ubsque
265 4104 485 4168 intermissione
497 4107 648 4189 persectu3
663 4107 792 4190 talisque
806 4111 964 4191 pruteni,
974 4121 1009 4170 ut
1023 4107 1099 4171 alins
1114 4109 1147 4172 in
1161 4110 1301 4175 actiones
1312 4111 1361 4175 iu-

131 4198 233 4268 tegrus
247 4188 319 4250 item
333 4189 560 4273 completusque
571 4190 667 4253 dividi
680 4211 742 4252 non
755 4193 860 4274 possit

170 4268 317 4349 Illustrir,
327 4295 403 4356 ergo
417 4288 448 4337 et
460 4275 597 4337 virorum
611 4273 795 4357 principum,
805 4290 835 4338 et
847 4277 879 4339 in
888 4278 977 4359 gravi
987 4278 1208 4362 splendidisque
1216 4278 1362 4343 muterii.

176 4352 343 4437 (locupleta,
359 4358 409 4419 cui
424 4358 501 4421 nihil
524 4359 601 4421 desit
623 4376 729 4419 coruus
751 4362 897 4439 omniurn,
912 4382 984 4443 quoe
999 4363 1104 4427 adesse
1116 4362 1240 4443 debent,
1256 4376 1294 4426 ut
1304 4366 1364 4429 nb·

115 4432 220 4497 mnu
231 4440 320 4503 etad
331 4440 426 4505 finem
446 4442 601 4528 perducto.
614 4440 677 4508 uici
690 4457 792 4529 quent

840 4656 859 4693 ἢ
