2766 5174
592 432 710 497 VITA.
976 466 979 473 ·
1218 442 1263 505 pfl
1299 434 1304 439 '

73 576 237 639 Poenam
253 597 330 660 puer
345 577 451 639 adbuc
465 579 648 662 auspicatus,
664 580 696 640 in
710 577 860 643 Balistam
876 576 938 642 ludi
954 580 1130 661 gladiatorii
1149 584 1247 664 magis

39 662 180 747 munch
194 661 353 722 infamiam
368 662 601 725 latrociniorum
613 676 790 745 coopertum
805 665 966 747 lapidibus,
979 666 1131 727 distichon
1142 665 1231 728 fecit:

242 744 349 806 Monte
363 745 418 805 sot
434 746 490 807 doc
501 747 635 829 lepidum
650 747 762 831 tegitur
775 746 897 809 Bolisto
911 747 1060 832 sepultus:

329 828 441 907 Nocte,
458 830 516 906 die,
532 842 624 891 tutum
638 854 736 913 corpe,
753 830 857 907 victor,
872 833 938 894 iter.

39 912 159 975 Deinde
176 912 370 989 catalecton,
383 927 414 975 et
422 914 586 990 Moretuur,
599 932 629 977 et
643 916 798 997 Priapeia,
811 929 840 977 ct
852 916 1095 998 Epigrammata,
1108 930 1139 978 et
1151 916 1262 979 Diras:

38 996 236 1071 ctCulicem,
254 1001 323 1058 cirrn
345 1012 423 1058 esset
444 1020 592 1060 asinorum
619 998 800 1079 quindecim.
845 998 940 1080 Cujus
966 1002 1092 1061 materia
1113 1000 1182 1063 talis
1207 1014 1261 1063 est.

39 1080 148 1141 Pastor
163 1082 316 1159 latigatus
330 1095 418 1157 astu,
432 1103 525 1162 quum
537 1085 593 1144 sub
606 1084 714 1143 arbore
730 1080 937 1160 obdormisset,
948 1096 978 1145 et
990 1105 1111 1166 serpens
1126 1085 1163 1145 ad
1176 1084 1263 1146 illurn
1330 1098 1335 1107 ·

39 1166 247 1247 proreperete
261 1164 389 1242 palude3
413 1164 500 1224 culex
513 1166 695 1243 provolavit,
709 1180 800 1241 atque
814 1165 892 1222 inter
906 1166 966 1227 duo
976 1179 1112 1248 tempora
1125 1167 1263 1229 aculeum

39 1249 98 1307 tixit
110 1246 246 1328 pastori.
290 1248 334 1305 At
345 1246 397 1305 ille
418 1245 562 1306 continuo
576 1244 703 1304 culicem
716 1244 868 1320 contrivit,
881 1260 910 1305 et
925 1248 1019 1311 visum
1035 1264 1202 1331 serpentem
1216 1250 1262 1312 in-

42 1330 163 1403 teremit,
182 1350 221 1389 ac
238 1327 412 1407 sepulcrum
426 1328 516 1387 culici
531 1327 644 1402 statuit,
660 1340 690 1387 et
703 1327 855 1387 distichon
869 1328 956 1389 fecit:

249 1409 352 1473 Perre
367 1408 462 1485 culon
469 1411 620 1505 pecudum
634 1422 733 1471 cautos
745 1409 800 1471 tibi
814 1410 873 1473 tole
887 1413 1010 1473 recreati

249 1492 382 1555 Funeris
395 1494 523 1577 effictum
536 1493 605 1556 oitae
613 1516 674 1576 pro
687 1516 805 1557 munere
819 1495 927 1555 reddit.

41 1582 169 1665 Scripsit
181 1578 286 1656 etim,
300 1578 338 1639 de
350 1578 413 1659 qus
426 1579 601 1659 ambigitur,
614 1576 749 1639 AEmam.
792 1578 836 1639 Et
858 1600 939 1655 mox,
955 1580 1024 1640 crim
1045 1600 1093 1639 res
1106 1582 1263 1646 &manas

40 1666 224 1739 inchoasset,
237 1664 370 1723 offensus
391 1662 527 1738 materiis,
550 1676 580 1723 et
602 1662 758 1723 nominum
777 1664 948 1743 asperitate,
964 1664 1004 1725 cd
1017 1662 1169 1727 Bucolica
1181 1680 1264 1728 nan·

39 1750 102 1811 siit:
125 1748 265 1811 maximi:
279 1760 314 1807 ut
325 1747 469 1808 Asinium
487 1745 670 1823 Pollionem,
684 1740 859 1829 Alphenmu
882 1746 1008 1823 Varum,
1033 1760 1063 1808 et
1086 1747 1263 1811 Cornelium

40 1834 168 1895 Gallum
182 1832 366 1891 celebraret:
389 1831 463 1911 quia
477 1831 508 1891 in
529 1830 740 1892 distributione
761 1852 906 1911 agrorum
921 1832 973 1911 qui
994 1845 1063 1914 post
1084 1832 1264 1917 Philippen-

40 1938 106 1978 sem
116 1915 282 1977 victoriam
292 1915 453 1989 veteranis,
468 1913 712 1975 'i'riurnvirorunr
730 1916 829 1994 jussu,
844 1918 927 1976 trans
941 1915 1062 1977 Padum
1085 1917 1264 1979 divideban-

41 2016 97 2075 tur,
113 2000 290 2061 indemnem
313 2018 344 2059 se
365 1998 585 2079 praestitissent.
629 1997 751 2059 Deinde
767 1998 922 2077 Georgica
935 1999 967 2058 in
982 2000 1126 2061 bonorem
1148 2000 1264 2063 Maece·

43 2086 119 2145 natis
133 2084 252 2145 edidit:
274 2081 344 2143 cirm
364 2081 420 2141 sibi
434 2082 558 2145 vixdum
572 2095 646 2143 noto
659 2103 748 2163 opem
760 2081 877 2142 tulisset
891 2082 1034 2143 adversus
1047 2082 1171 2144 Claudii
1182 2098 1264 2147 vete·

41 2170 103 2229 rani
113 2168 233 2243 militis,
243 2165 293 2227 rel
307 2178 341 2227 ut
352 2166 406 2227 alii
420 2180 539 2249 putant,
549 2167 617 2229 Arii
630 2166 812 2227 centurionis
824 2166 1015 2228 violentiam:
1032 2168 1120 2247 siquo
1132 2168 1163 2228 in
1173 2167 1263 2227 alter·

45 2253 159 2315 unone
180 2251 243 2312 litis
257 2250 393 2331 agrariae
408 2251 516 2333 parum
533 2251 630 2313 abfuit
644 2252 718 2332 quin
733 2251 930 2313 occideretur.
974 2250 1006 2311 N
1008 2250 1148 2311 ovissima
1164 2264 1263 2313 autern

46 2334 201 2398 AEneidem
215 2348 445 2417 aggressusest,
456 2349 667 2416 argumentum
680 2336 796 2397 varium
807 2349 836 2396 et
845 2335 1010 2417 multiplex,
1022 2347 1051 2395 et
1063 2335 1148 2415 quasi
1159 2336 1265 2397 ambo-

44 2442 104 2482 rum
115 2420 250 2483 Homeri
261 2420 433 2481 emmaum
444 2420 556 2482 instar:
571 2421 720 2503 praeterea
728 2420 901 2481 nominibus
911 2442 947 2480 ac
956 2420 1055 2494 rebus,
1070 2417 1188 2479 Graecis
1200 2418 1264 2480 La-

44 2506 180 2587 tinisque,
205 2524 389 2565 commture:
412 2518 443 2565 et
460 2504 579 2586 inquo,
594 2504 822 2585 quodmaxime
838 2504 986 2579 studebat,
1007 2502 1160 2564 Romanae
1175 2502 1262 2563 simul

43 2592 120 2651 orbis
132 2605 164 2650 et
178 2588 315 2669 Augusti
330 2588 421 2668 origo
435 2590 648 2651 contineretur.
693 2588 774 2649 Cirm
791 2588 946 2667 Georgica
968 2587 1121 2661 scriberet,
1135 2586 1266 2647 traditor

43 2675 178 2755 qnotidie
199 2672 363 2734 meditatos
386 2692 476 2733 mane
497 2672 643 2754 plurimos
666 2693 770 2734 versus
784 2673 899 2732 dictare
918 2671 1033 2745 solitus,
1049 2690 1085 2730 ac
1101 2690 1154 2750 per
1169 2682 1264 2731 totum

43 2759 120 2819 diem
139 2758 338 2831 retractando
352 2756 393 2817 ad
407 2757 605 2839 paucissimos
620 2757 775 2836 redigere:
797 2777 859 2816 uon
875 2755 1016 2829 absurdi,
1032 2773 1154 2813 carmen
1168 2774 1201 2814 se
1213 2774 1265 2814 ur·

43 2862 88 2901 sae
111 2862 199 2901 more
219 2860 322 2923 parere
345 2841 459 2916 moene,
475 2856 505 2901 et
519 2840 681 2902 lambendo
696 2841 816 2901 demum
831 2840 983 2917 effingere.
1026 2836 1148 2898 Eneida
1195 2838 1266 2899 rosis

43 2926 128 3007 priris
145 2926 283 2985 oratione
301 2924 473 3001 sonnatam,
493 2926 703 3005 digestamque
718 2925 749 2983 in
764 2923 925 2983 duodecim
941 2922 1043 2997 libros,
1059 2859 1263 3004 particulatim

44 3028 229 3093 componere
243 3008 379 3083 instituit,
394 3023 428 3069 ut
440 3010 563 3088 quidam
581 3010 711 3070 traduat.
754 3007 818 3069 Alii
833 3008 898 3087 ejus
913 3006 1069 3067 sententia:
1084 3019 1153 3067 suut
1164 3017 1198 3066 ut
1212 3024 1263 3066 ex-

45 3094 182 3154 istiment
193 3114 276 3165 eum,
287 3091 314 3148 si
334 3092 446 3153 diutius
467 3093 599 3166 vixisset,
615 3106 745 3171 qrratuor
758 3105 789 3151 et
802 3091 911 3170 viginti
927 3089 1021 3150 libros
1037 3110 1130 3168 usque
1145 3090 1185 3149 ad
1198 3087 1263 3147 Au·

44 3177 125 3257 gusti
149 3192 290 3257 tempora
314 3174 511 3257 scripturum:
546 3188 637 3253 atque
659 3174 720 3232 alia
743 3174 864 3253 quidem
886 3190 1107 3253 percursus-um,
1129 3169 1263 3247 Augusti

44 3262 111 3322 sero
137 3272 230 3341 gesta
250 3256 480 3339 diligentissime
504 3270 715 3318 executurum:
739 3257 851 3337 quippe
876 3255 927 3333 «ptri
951 3254 1022 3313 dum
1049 3252 1201 3328 scriberet,
1224 3272 1263 3312 ne

45 3346 111 3425 qnid
132 3345 283 3425 impeturn
302 3355 481 3419 moraretur,
506 3341 648 3423 quaedam
671 3339 846 3421 imperfecta
860 3337 997 3418 reliquit:
1021 3336 1081 3396 alia
1104 3336 1262 3398 levissimis

46 3430 179 3489 versibus
191 3426 322 3507 scripsit,
337 3447 414 3507 quos
437 3448 491 3509 per
505 3430 612 3506 jocum
638 3446 693 3505 pro
709 3423 814 3501 tigillis
828 3422 876 3482 vel
892 3422 1065 3481 trlucnubus
1077 3421 1228 3503 interponi
1243 3422 1262 3481 a

45 3533 70 3571 se
80 3514 219 3585 dicebat,
234 3510 275 3571 ad
289 3511 494 3571 sustinendum
505 3530 591 3591 opus,
608 3510 704 3569 donec
717 3508 824 3569 solidae
838 3507 989 3567 columnae
1003 3505 1188 3568 advenirent.

79 3596 238 3658 Bucolica
252 3595 390 3669 triennio,
412 3594 512 3655 Asinii
527 3593 677 3655 Pollionis
692 3614 792 3667 suasu,
806 3590 938 3673 perl'ecit.
982 3589 1045 3651 Hic
1063 3589 1264 3689 Transpada·

44 3701 113 3741 uam
122 3680 317 3763 provinciam
332 3680 475 3759 regebat3
497 3679 583 3759 cujus
599 3678 711 3751 lauare,
727 3678 795 3737 (zum
810 3676 959 3736 veteranis
971 3674 1103 3753 Augusti
1115 3673 1260 3734 militibus

10 3786 12 3807 ¹
46 3763 295 3827 Cremonensium
321 3777 352 3825 et
373 3762 612 3824 Mantuanorum
636 3762 703 3841 agri
727 3760 985 3833 distribuerentur,
1012 3778 1081 3817 suos
1110 3754 1259 3835 Virgilius

47 3870 102 3911 nou
117 3848 230 3911 amisit.
272 3846 373 3909 Facti
395 3848 476 3909 eninr
498 3846 719 3920 distributione,
742 3866 821 3919 suos,
837 3842 972 3904 Claudio
996 3862 1047 3902 seu
1061 3840 1137 3903 Ario
1160 3838 1257 3912 datos,

47 3934 244 4017 recuperarit.
287 3930 381 3995 Hunc
405 3929 577 3992 Pollionem
591 3930 721 3991 maritae
737 3930 850 3989 ornavit
864 3926 965 4003 Maro,
988 3942 1016 3986 ct
1030 3924 1154 3987 dilectus
1166 3920 1205 3981 ab
1220 3940 1257 3981 eo

48 4038 155 4099 magna
170 4036 297 4078 monera
319 4016 406 4093 noia
428 4016 541 4098 quippe
552 4014 603 4095 qui
619 4015 761 4074 invitatus
774 4014 813 4073 acl
828 4032 957 4088 curnam,
973 4023 1076 4091 captus
1090 4004 1256 4087 pulchritu-

50 4102 111 4163 d'ne
122 4116 153 4165 et
167 4100 329 4181 diligentiis
339 4100 507 4161 Alexandri
519 4098 669 4160 Pollionis
685 4099 780 4179 pueri,
796 4118 864 4157 curn
889 4098 970 4157 dono
985 4090 1108 4171 accepit.
1152 4086 1256 4169 Hujus

50 4180 191 4247 Pollionis
214 4186 311 4248 silium
333 4182 373 4245 C.
397 4184 538 4245 Asinium
560 4182 736 4243 Cornelium
760 4180 893 4257 Gallum,
917 4192 1063 4242 oratorem
1085 4172 1210 4247 clanim,
1225 4184 1257 4231 et

50 4272 163 4347 potitam
179 4290 244 4331 oon
255 4269 449 4344 mediocrem,
462 4268 539 4329 miro
551 4286 653 4335 amore
665 4266 769 4327 dilexit
781 4266 940 4346 Virgilius.
981 4259 1011 4319 Is
1023 4255 1175 4316 transtulit
1188 4254 1255 4315 Eu·

52 4352 220 4431 pitorionem
245 4354 278 4415 in
303 4352 467 4429 latinum3
488 4365 518 4411 et
540 4350 624 4412 libris
648 4365 779 4431 quatuor
802 4371 917 4411 amores
936 4364 1005 4403 suos
1028 4341 1065 4399 de
1087 4336 1255 4420 Cytheride

52 4438 170 4519 κείμὴ.
213 4436 279 4501 Hic
292 4436 390 4519 primti
403 4437 435 4497 iu
450 4435 583 4497 amicitiai
596 4433 731 4496 casaris
745 4435 875 4513 Augusti
890 4429 961 4505 lirit3
982 4422 1088 4509 posteri
1099 4424 1133 4521 in
1156 4422 1252 4504 suspi-

53 4520 159 4583 cionem
176 4522 395 4604 conjurationis
409 4534 517 4581 contra
530 4517 614 4579 illum
629 4519 787 4591 adductus,
804 4518 918 4577 occisus
932 4523 985 4571 est.
1029 4505 1145 4567 Verum
1158 4524 1255 4603 usqua

10 4640 18 4656 »
53 4602 119 4666 deo
133 4608 216 4667 hunc
238 4604 363 4667 Gallum
377 4602 526 4685 Virgilius
545 4603 669 4678 amicat,
692 4617 724 4662 ut
747 4614 869 4681 qumtus
885 4594 1105 4674 Georgicorum
1120 4590 1254 4653 irnedro

55 4708 136 4769 osque
151 4690 195 4750 ad
208 4690 297 4751 finem
310 4691 377 4770 ejus
400 4686 518 4749 laudem
533 4688 715 4753 contineret:
737 4706 825 4764 artem
836 4679 953 4766 posteri,
964 4678 1089 4761 jubente
1103 4675 1259 4757 Augusto,

55 4770 79 4832 in
92 4774 214 4836 Aristaei
231 4772 358 4833 fabulam
371 4770 568 4829 commutarit.
