2766 5174
89 144 141 217 nv
460 131 934 200 P.leG1L11MARONIS
1014 206 1020 210 ,
1054 94 1057 103 '

121 325 231 375 mu
248 325 269 371 c
285 325 329 371 m
455 320 487 369 Η
531 320 651 384 Μῦς·
713 278 928 339 scoenissimarn
943 291 1195 359 epigrammatum
1210 277 1306 341 farru-

232 359 276 433 'MJ
287 357 395 433 Teium
428 356 507 432 [cmi.
713 360 825 443 ginem‚
838 382 874 421 ex
889 360 1005 438 Ovidii,
1021 360 1148 437 Catulli,
1163 361 1306 423 Petroni-

242 446 411 493 ΗΜΘΝ*
526 474 534 489 .
712 446 782 526 ique
804 445 929 506 faecibus
944 444 1073 507 collecta
1088 467 1151 506 esse
1165 446 1306 507 manifes-

89 509 333 595 NASCITUR
341 527 499 604 Octavius,
510 526 561 609 qui
574 523 680 587 deinde
712 543 773 591 tum
802 520 873 590 ests
911 528 948 589 ln
983 528 1144 591 catalect-is
1170 543 1200 590 et
1224 528 1307 611 Epi-

89 616 246 696 Augustus
262 613 431 697 appellatus
443 626 487 673 est
496 616 525 672 9.
536 609 606 671 Kal.
618 609 679 670 Oc·
707 613 893 756 pyrenaeam,
917 628 950 674 ut
970 613 1066 674 unilta
1087 627 1156 674 sunt
1178 613 1307 693 indigua

89 700 152 761 tob.
175 699 266 759 idest
285 701 327 757 23
350 696 505 778 Septemb.
526 693 618 755 Patre
640 692 678 754 C.
743 697 855 777 irgilio‚
871 697 1170 780 proptermaledicos
1183 697 1306 757 etinve-

88 780 237 859 0ctavi03
269 778 370 841 Matre
402 780 496 855 Attii,
528 776 573 837 Μ.
603 776 679 836 Attii
711 782 859 845 recuudos
883 781 975 858 sales3
997 781 1041 841 ita
1063 779 1195 863 paucula
1221 801 1307 861 quae-

89 864 182 927 Balbi
197 877 227 925 et
248 863 340 925 Juliae
356 863 436 924 illius
450 860 522 937 filit,
542 880 610 941 quea
624 858 679 920 Ju·
711 865 781 925 dam
796 864 903 927 eodem
918 866 1108 927 adolescente
1122 865 1218 943 digna
1235 885 1308 946 pos-

88 946 122 1009 lii
135 947 269 1009 Caesaris
284 968 370 1008 soror
390 946 454 1007 fuit.
498 944 602 1023 Quare
617 943 679 1004 Oc·
711 961 779 1008 sunt
791 947 897 1008 videri.
940 946 990 1007 De
1006 946 1112 1010 Ciriet
1127 945 1229 1009 Colice
1242 969 1307 1008 ma·

86 1032 187 1093 tavius
208 1032 265 1093 iirit
286 1030 419 1093 Caesaris
441 1026 552 1089 sororis
575 1048 679 1109 nepos,
704 1032 757 1112 jor
772 1043 817 1091 est
828 1032 1044 1092 controversia.

87 1135 150 1177 nou
164 1136 202 1177 ex
216 1136 318 1177 sorore
332 1132 435 1195 nepos,
458 1124 491 1173 ut
509 1110 589 1171 male
613 1111 680 1192 qui·
751 1115 804 1175 Au
833 1110 959 1194 Virgilii
993 1114 1115 1194 quidem
1148 1132 1213 1174 esse
1247 1114 1307 1176 hoc

84 1198 159 1263 dum
173 1201 365 1282 scripserunt.
712 1212 872 1279 utrumque
923 1195 1101 1279 opusculum
1150 1212 1308 1258 suaserunt

140 1330 287 1380 ‘mue
304 1331 351 1375 396
387 1328 474 1390 ‘w
515 1302 571 1389 larg
589 1327 618 1375 18
711 1283 812 1344 multis
824 1301 928 1342 versus
940 1281 1059 1361 utrique
1072 1279 1244 1361 complures
1259 1301 1307 1341 as-

28 1410 31 1415 .
237 1367 265 1500 IL]
273 1362 506 1498 gissfffimhia
571 1362 576 1372 ’
618 1362 624 1373 ’
711 1366 933 1511 pepsi3dquig¹1p¹
940 1364 1101 1509 (ieorgicis
1121 1361 1305 1509 epussnecipla

397 1480 419 1497 ·=
711 1471 869 1513 aunem
935 1470 1008 1510 nmo
1034 1470 1073 1510 au
1217 1469 1236 1508 a
1273 1469 1307 1507 u-

69 1512 352 1603 'VIRGILIUS
387 1530 539 1594 Cremona
572 1532 679 1594 studiis
711 1534 805 1596 ratius
820 1534 915 1596 limati
929 1469 1128 1615 reperiuntui).
1172 1530 1246 1592 Nou
1261 1552 1307 1592 cs-

84 1617 229 1681 cruditar.
273 1614 323 1677 Ita
346 1613 553 1698 Hieronymus
567 1617 599 1678 in
613 1616 680 1678 Eu·
711 1639 743 1679 sc
781 1631 891 1693 autem,
921 1616 993 1677 milri
1022 1616 1185 1698 persuadet
1210 1617 1307 1695 stylus

84 1699 327 1765 sebiichronico.
370 1699 469 1761 Aliter
492 1713 593 1761 tamen
607 1702 680 1763 vitm
712 1703 829 1762 euersis
854 1723 890 1763 ac
903 1722 1012 1777 vagus,
1036 1701 1167 1761 obscura
1188 1714 1306 1759 senten-

44 1780 227 1868 'scriptort
249 1780 345 1846 Initia
357 1783 464 1860 atatis,
478 1783 575 1859 idest,
588 1806 679 1868 aspere
711 1786 764 1862 tia,
791 1785 907 1847 numeri
937 1784 1089 1846 dissoluti:
1121 1803 1244 1865 prorsus
1273 1797 1307 1843 ut

81 1869 126 1933 ad
138 1868 419 1953 septimontium,
438 1868 589 1931 Cremona
607 1867 678 1953 agit.
711 1870 763 1951 qni
789 1883 851 1931 tarn
875 1869 997 1930 sordide
1021 1868 1141 1929 humilis
1163 1865 1229 1941 suit,
1244 1887 1306 1927 nou

81 1952 165 2098 guse
179 1953 274 2013 verba
285 1952 329 2012 sic
343 1950 484 2011 emendat
495 1950 636 2032 Scaliger
648 1953 679 2013 in
711 1954 850 2016 videatur
872 1954 1006 2035 potuisse
1029 1972 1164 2033 unquam
1179 1951 1219 2012 atl
1238 1971 1306 2032 pcr-

114 2035 267 2113 usebium3
283 2054 376 2135 arque
391 2034 613 2097 adsedecimum
624 2058 680 2098 aa·
711 2038 847 2121 spicuam
856 2036 1164 2098 illarnBucolicorum
1177 2035 1306 2095 tenuita-

81 2141 169 2196 πως
195 2139 257 2217 quo
278 2118 341 2181 fere
365 2139 447 2181 auno
468 2117 680 2181 Mediolanum
711 2135 782 2199 tem,
806 2120 902 2183 multi»
925 2121 1024 2182 minus
1047 2121 1088 2187 ad
1117 2118 1307 2203 splendidam

81 2215 241 2267 concessit
285 2201 397 2266 Studia
410 2214 511 2265 autem
529 2203 611 2264 illius
632 2205 680 2265 fu·
711 2206 859 2268 AEneidos
907 2207 1092 2286 majestatem
1138 2224 1306 2284 assurgere.

67 2306 133 2351 'ere
148 2286 252 2350 Graeci
267 2286 424 2370 praecipue
440 2287 595 2365 sermonis,
615 2302 680 2350 tum
710 2289 799 2351 Bene
815 2290 937 2370 quidem
960 2288 1101 2369 Scaliger
1124 2289 1232 2349 salsum
1255 2288 1307 2346 de-

81 2371 243 2435 medicinoe
264 2386 296 2434 et
315 2372 599 2435 mathematicorum
618 2373 680 2434 dis·
710 2387 866 2450 monstrat,
892 2374 925 2435 id
939 2374 1021 2454 quod
1044 2373 1076 2434 in
1098 2372 1163 2434 vitri
1180 2370 1307 2449 Virgilii

80 2457 112 2519 ci
133 2456 278 2518 linarum:
322 2456 527 2539 philosophia
558 2476 688 2539 quoque·
711 2459 832 2539 legitur,
846 2458 1000 2539 scripsisse
1013 2456 1163 2531 Culicem,
1179 2457 1306 2536 quicun-

81 2478 138 2602 aulr
154 2539 275 2622 Syrone
288 2539 455 2624 Epicureo,
471 2553 502 2602 et
508 2541 599 2621 juxta
612 2539 678 2603 Jos.
711 2564 769 2625 que
793 2542 916 2603 tandem
940 2541 1039 2603 Culex
1064 2541 1115 2601 illc
1140 2541 1187 2615 sit,
1211 2560 1307 2603 annos

81 2623 275 2705 Scaligerum
297 2626 353 2686 sub
377 2623 470 2686 Catio
485 2624 575 2685 etiam
591 2624 679 2687 Insu-
711 2628 883 2708 quindecim
895 2639 1009 2687 natum.
1053 2622 1307 2705 QuippeStatius

80 2708 140 2786 bri,
155 2707 289 2790 ejusdem
310 2720 402 2772 sectae
416 2709 610 2791 philosopho,
626 2710 678 2791 qui
710 2711 742 2772 in
758 2710 959 2773 Genethliaco
974 2707 1104 2770 Lucani.
1149 2706 1216 2786 Syl.
1231 2706 1250 2766 1.
1274 2710 1305 2764 2.

80 2789 252 2855 Mediolani
275 2806 365 2856 natus
387 2806 462 2855 erat.
514 2793 559 2855 Et
584 2793 615 2855 in
641 2814 678 2856 eo
709 2817 738 2856 v.
753 2801 804 2856 74.
820 2809 946 2857 testatur
968 2792 1130 2854 Lucanum
1152 2789 1307 2868 scripsisse

12 2872 18 2890 '
79 2878 203 2961 quidem
222 2879 323 2938 studio
347 2878 463 2945 socium
485 2877 591 2939 habuit
613 2876 678 2940 Va·
708 2879 911 2952 Pharsaliam,
925 2886 1093 2937 anteneri-os
1109 2867 1306 2933 CulicisMu-

79 2982 149 3023 rum
162 2960 259 3034 illum,
274 2960 361 3039 cujus
374 2960 475 3038 gratiis
486 2976 600 3024 sextam
614 2961 679 3025 Ec·
709 2962 842 3024 roaiaai.
884 2960 928 3019 At
952 2957 1097 3019 Lucanus
1121 2970 1190 3037 post
1212 2956 1306 3015 multa

79 3044 186 3125 legam
210 3042 321 3103 deiude
358 3042 487 3123 scripsit,
513 3044 679 3124 Epicureae
710 3066 804 3128 opera
827 3043 964 3104 ultimam
988 3040 1126 3102 condidit
1148 3039 1305 3100 Pharsali·

80 3126 285 3211 philosophia*
300 3124 415 3208 placita
438 3126 475 3185 de
501 3147 601 3187 rerum
616 3131 678 3189 ori·
710 3130 769 3205 arii,
790 3148 918 3208 eamque
940 3125 1054 3207 magna
1075 3144 1112 3187 cx
1133 3138 1218 3206 parte
1240 3124 1305 3183 ine-

81 3210 153 3291 gine
174 3210 387 3273 continentem.
431 3208 481 3270 De
496 3208 616 3291 Syrone
631 3214 677 3274 di·
708 3214 880 3275 mendatam
904 3211 1035 3293 reliquit,
1052 3230 1133 3272 anno
1149 3227 1208 3289 quo
1223 3229 1305 3266 rnor-

81 3314 184 3357 cemus
198 3294 231 3355 in
242 3292 323 3354 illius
334 3292 467 3374 Eclogae
480 3311 675 3375 argumento:
708 3311 776 3359 tuus
803 3311 847 3359 est
873 3297 972 3358 aetatis
995 3296 1143 3375 vigesimo
1165 3290 1302 3372 septimo.

81 3378 120 3441 de
134 3375 379 3439 Varoiueidem
390 3376 523 3461 Eclogi,
538 3401 567 3440 v.
582 3387 612 3443 7.
706 3382 799 3443 Addo
828 3402 899 3463 ego,
928 3379 1068 3441 Culicem
1094 3380 1183 3449 hunc,
1214 3394 1302 3454 quern

123 3461 247 3525 Poesim
270 3461 417 3545 imprimis
439 3462 551 3524 dicitur
574 3485 627 3525 aus
650 3466 675 3525 i·
706 3467 861 3541 habemus,
875 3464 1008 3527 Octavio
1021 3465 1150 3525 dicatum
1164 3476 1238 3517 csse.
1259 3458 1302 3517 dt

15 3608 21 3619 ,
82 3561 167 3609 catus
187 3547 284 3609 adhuc
295 3568 398 3629 puer:
421 3559 451 3607 et
470 3545 575 3623 (lirim,
649 3548 692 3610 t·'
708 3550 856 3616 Octavius
869 3563 942 3626 tum,
958 3549 1026 3609 crim
1039 3543 1216 3608 numerabat
1229 3538 1301 3600 Vir-

81 3652 161 3707 aam,
187 3628 327 3707 Calicem,
349 3628 514 3707 Moratum,
549 3631 674 3716 Coponi,
708 3635 800 3716 gilius
812 3656 925 3695 annum
937 3634 1083 3703 decimum
1094 3626 1243 3706 quintum,
1255 3626 1301 3705 ip·

82 3712 191 3791 Diras,
218 3714 404 3792 Catalectoa,
430 3714 675 3799 Epigrammata,
707 3739 739 3779 se
760 3718 877 3781 tantinn
900 3730 1038 3780 octavum
1060 3711 1217 3789 attigerat:
1241 3708 1301 3790 qud

82 3796 230 3900 Priapeia
238 3800 346 3881 junior
358 3800 522 3881 scripsisse.
556 3802 675 3864 Atlas.
708 3815 808 3880 aetate,
824 3824 880 3865 nec
895 3802 953 3885 ipsi
968 3802 1109 3883 poemata
1124 3794 1230 3869 dicari,
1244 3814 1299 3853 nec

83 3882 232 4032 Scuhffir.
242 3896 272 3945 et
283 3897 352 3967 post
361 3905 430 3945 eum
440 3884 523 3948 docti
535 3885 598 3947 sere
612 3909 676 3949 om-
708 3908 745 3949 ea
759 3887 820 3948 dici
846 3889 885 3948 de
906 3888 973 3969 ipso
992 3892 1171 3962 potuerunt;
1193 3878 1236 3939 dt
1255 3887 1299 3953 tn,
1330 3897 1333 3902 ·

84 3989 137 4030 nes
204 3978 281 4031 mam
296 3967 443 4032 Cornelio
459 3967 573 4031 Severo
589 3973 676 4052 adju·
708 3971 756 4033 cui
769 3963 1111 4047 meridiariurfiducio
1124 3962 1232 4031 tantist
1248 3974 1301 4021 aul

83 4052 201 4115 dicant:
235 4052 398 4132 Moratum,
433 4053 509 4114 Auli
537 4054 579 4117 Se
600 4056 676 4117 timii
708 4069 742 4117 ut
765 4057 877 4117 habent
903 4051 1019 4116 codices
1034 4047 1096 4123 alii,
1119 4046 1163 4108 dr
1186 4057 1228 4120 tu,
1250 4067 1300 4106 cra

84 4134 192 4199 Severi
203 4160 263 4203 esse
274 4140 355 4203 idem
370 4138 553 4222 auspicatur:
612 4140 675 4216 irre,
707 4139 819 4201 meritis
834 4131 1174 4207 aeliamsanctiam,
1191 4128 1300 4190 Oetaei

84 4221 325 4303 quiniValerio
337 4224 457 4289 Catone
469 4224 591 4306 scriptae
607 4225 675 4299 sint,
706 4222 880 4286 venerande.
923 4204 1020 4300 igitur
1042 4216 1185 4299 scriptum
1209 4213 1300 4274 fuisse

85 4326 123 4368 ne
135 4306 266 4369 dubitari
280 4309 401 4388 quidem
412 4300 539 4392 patitur:
561 4306 677 4391 Capora
709 4307 847 4369 Culicem
869 4301 1024 4390 probabile
1047 4314 1100 4377 est,
1120 4299 1187 4360 citur
1205 4298 1299 4359 Octa-

85 4387 221 4471 Virgilio
235 4391 341 4455 tribuit
360 4392 545 4469 Priscianus,
563 4394 615 4455 sed
629 4414 676 4453 re·
708 4392 775 4453 vius
799 4394 900 4473 aliquo
922 4389 953 4447 in
975 4386 1096 4447 rintninc
1112 4383 1206 4465 ccepit
1220 4404 1299 4459 essc;

74 4472 423 4555 clamanteScaligero:
444 4478 606 4565 Priapeia,
622 4478 677 4540 ob·
709 4474 791 4537 circa
817 4479 846 4539 id
871 4472 1022 4555 temporis,
1046 4489 1105 4551 eruo
1128 4469 1258 4529 «lorinus
1281 4468 1301 4525 ei
