2766 5174
115 148 184 217 rvtii
344 160 351 171 ·
483 144 522 206 Ρ.
545 141 735 206 VIRGILII
757 134 959 207 MARONIS
1038 188 1040 192 ,

113 316 173 378 que
184 290 276 377 operi
284 289 448 371 speraverit
459 302 576 371 patrem
588 308 620 350 se
633 307 703 371 pos·
735 289 825 350 variis
838 290 1016 367 carminum,
1029 308 1100 371 quae
1114 290 1329 369 meditabatur,

112 400 146 441 se
159 397 244 440 suum
257 374 338 436 certi)
354 373 532 454 intelligere,
545 376 617 455 quia
628 372 653 432 is
665 370 704 431 do
734 371 911 453 fragmentis
932 374 1128 436 concinnasse
1135 397 1145 454 3
1175 375 1259 457 quod
1287 375 1330 438 le·
1366 392 1370 397 ·

112 482 221 525 canum
243 479 448 541 equorumque
469 478 579 540 genere
597 476 633 517 ac
647 476 701 537 pa·
732 456 816 535 genti
830 477 1006 539 persuasum
1019 457 1327 522 toresaetleconfido.

113 545 244 607 rentibus
270 542 345 606 scite
367 543 516 604 interdum
539 539 701 622 responde·
783 581 995 630 emmunim.
1026 584 1049 630 J,
1081 584 1134 629 Ἢ·
1169 583 1276 646 Vogel.

112 630 172 690 bat.
215 627 321 691 Fuerit
329 628 408 689 enlm
420 626 493 687 verb
505 624 627 687 Maroni
639 627 700 683 sin·
869 643 1047 691 Carbonario:
1080 658 1191 691 tunsus.

111 712 225 791 gularis
237 712 299 787 illa,
315 732 406 791 quant
418 709 518 792 seipsi
531 708 621 769 luisse
630 706 699 769 libri
868 705 895 750 C·
903 706 1003 753 Asrsrns
1013 704 1113 753 1³0ffl0·

112 794 256 874 Georgici
269 795 433 870 declarant,
453 794 496 855 rei
510 790 699 853 veterinariae
730 770 1033 858 OcTAvtANUs
1049 792 1182 856 Lucium
1197 795 1329 858 Antoni·
1362 862 1369 869 ,

110 880 232 962 peritia;
268 879 378 941 suerint
405 879 473 940 hoec
500 875 604 937 omnia
629 894 699 955 quse
731 900 782 940 um
804 880 972 958 urbemque
992 877 1153 941 Perusiam
1174 879 1330 942 deditione
1363 917 1376 954 Ξ

110 978 269 1025 narrantur
278 977 444 1047 temporum
456 960 567 1021 rationi
580 978 700 1019 accom-
732 963 854 1044 accipit.
877 960 1003 1023 Marcus
1013 963 1046 1024 in
1059 960 1182 1025 ltaliam
1193 965 1328 1040 veniens,
1362 1002 1376 1039 ς

97 1047 208 1123 moda,
221 1061 254 1108 ut
267 1048 390 1109 minimis
404 1058 487 1106 sunt:
503 1043 570 1124 quis
583 1056 699 1104 tantum
731 1046 866 1108 maximo
876 1046 948 1108 belli
960 1059 1042 1108 metu
1053 1047 1145 1123 laeto,
1158 1046 1328 1109 Brundusii
1365 1102 1376 1125 ι

107 1131 269 1193 Octaviani
282 1131 371 1197 fuisse
380 1144 533 1212 stuporem
542 1126 656 1202 credat,
667 1139 700 1186 ut
730 1150 837 1213 pacem
861 1151 930 1192 eum
954 1129 1128 1193 Octaviano
1153 1133 1329 1215 componit;
1363 1172 1376 1209 ·.

107 1217 296 1277 veterinariae
307 1214 465 1275 medicinse
478 1232 545 1272 eam
559 1231 623 1271 esse
637 1210 699 1270 vim
731 1215 924 1289 administris,
961 1235 998 1276 ex
1030 1228 1118 1296 parte
1150 1214 1327 1291 Octaviani,

104 1299 163 1361 sibi
187 1300 392 1381 persuaderet;
421 1309 474 1359 aut
495 1308 611 1356 tantam
632 1293 699 1354 Ro·
729 1298 916 1374 Maecenate;
947 1311 1092 1380 exparte
1115 1297 1227 1376 Marci,
1250 1298 1328 1361 Pol-

104 1383 186 1444 maui
201 1384 293 1444 moris
309 1382 469 1456 inscitiam,
493 1392 526 1440 ut
547 1399 577 1439 se
599 1398 698 1461 regem
729 1382 819 1443 lione.
878 1380 1010 1449 Octavia
1038 1403 1125 1443 soror
1151 1383 1328 1458 Octaviani,

104 1467 325 1550 magnanimum
349 1462 534 1548 appellaret?
566 1476 618 1522 aut
639 1461 698 1543 ipsi
728 1481 850 1527 mortuo
867 1464 1018 1527 Marcello
1034 1467 1225 1548 prioreviro,
1239 1466 1328 1528 Mar-

104 1548 238 1629 Virgilio
254 1562 368 1609 tantam
391 1550 560 1610 futurorum
575 1560 698 1607 eventu·
730 1572 767 1611 eo
781 1550 918 1610 Antonio
933 1552 1044 1630 conjux
1059 1550 1159 1611 datur.
1182 1550 1329 1613 Redeunt
1350 1606 1353 1611 .

105 1654 155 1695 nm
177 1634 326 1709 notitiam,
350 1645 383 1693 ut
406 1631 611 1693 Octavianum
631 1629 698 1691 du·
730 1634 863 1695 Romam
874 1628 1122 1695 Triumvirits'ed
1130 1634 1328 1697 SextoPom-

101 1717 185 1802 gusti
194 1717 316 1778 nomine
328 1716 505 1799 appellaret,
518 1727 587 1775 ante
603 1732 698 1774 annos
729 1718 800 1800 peio
813 1715 924 1797 Magni
947 1707 1013 1777 lilio
1028 1737 1111 1777 mare
1126 1717 1264 1777 Siculum
1279 1720 1329 1779 in-

104 1801 260 1863 minimiun
269 1800 509 1882 quatuordecim,
522 1797 613 1878 quam
623 1808 700 1857 esset
729 1801 810 1862 iestis
836 1800 966 1861 navibus
989 1801 1152 1874 obtinente,
1177 1800 1272 1861 sames
1295 1803 1328 1863 in

104 1884 274 1947 ltonorifiea
298 1885 353 1944 illa
379 1881 545 1966 appellatio
573 1881 646 1960 ejns'
666 1880 698 1939 in
729 1885 803 1945 urbe
818 1885 946 1946 saeviens
961 1884 1066 1945 urbem
1085 1884 1117 1945 in
1131 1883 1329 1947 Triumviros

36 1975 40 1981 '
102 1970 234 2050 gratiam
248 1967 394 2032 instituta.
425 1964 528 2047 Quid?
544 1965 636 2043 jocus
650 1964 697 2047 ip·
729 1969 873 2030 concitat.
918 1967 1149 2029 Octavianus&
1162 1969 1328 2045 Antonius,

104 2074 134 2112 se
144 2052 234 2131 taurim
245 2050 388 2111 insulsus:
404 2048 630 2132 pistorisfilium
639 2047 696 2107 sibi
729 2051 847 2133 iplebe
862 2052 978 2113 tannim
991 2071 1053 2113 non
1068 2052 1185 2128 laniati,
1199 2053 1237 2113 de
1250 2072 1330 2134 pace

104 2135 307 2196 Octavianum
315 2133 412 2195 videri
424 2132 507 2215 qubd
519 2152 613 2215 panes
623 2131 697 2191 libe-
729 2156 799 2196 cum
810 2134 843 2196 S.
854 2135 1006 2217 Pompeio
1015 2136 1201 2197 conveniunt
1211 2137 1250 2197 ad
1263 2136 1329 2197 Pu·

103 2219 361 2297 raliterorogaret.
392 2216 453 2279 Cui
469 2215 697 2278 sabulaelocum
729 2218 836 2294 teolos,
860 2220 891 2279 in
915 2218 1005 2279 litore
1032 2218 1225 2302 Campaniae.
1279 2219 1332 2282 Ita

103 2316 176 2385 puto
188 2302 355 2384 praebuisse
365 2302 447 2382 quod
460 2300 541 2383 apud
554 2298 697 2359 Suetoni·
728 2303 904 2385 compositis
919 2302 1018 2378 rebus,
1034 2302 1143 2364 laetitia
1157 2305 1330 2365 communis

104 2408 153 2448 um
182 2386 307 2466 legitur:
331 2385 499 2448 Antonium
523 2382 697 2445 Octaviano
729 2389 757 2447 ds
771 2407 870 2447 rerum
893 2385 1029 2446 omnium
1051 2388 1143 2468 eopia
1165 2388 1196 2448 in
1220 2389 1329 2448 urbem

104 2472 417 2551 interstetoraprobra
425 2469 547 2530 solitum
555 2467 696 2546 objicere,
728 2471 816 2531 redit.
839 2470 1032 2532 Decedunte
1047 2471 1228 2551 magistratu
1241 2469 1330 2533 Con-

103 2555 185 2637 qubd
199 2575 348 2636 proavum
362 2555 486 2614 baberet
497 2552 650 2635 pistorem.
729 2554 819 2630 sules,
830 2553 980 2615 Calvinus
993 2555 1021 2615 bs
1034 2553 1149 2631 Pollio,
1166 2555 1195 2615 in
1212 2576 1332 2637 paucos

124 2638 126 2643 ’
145 2636 216 2699 Hoc
231 2638 333 2718 itaque
346 2660 426 2699 auno
442 2638 555 2719 scripta
577 2647 621 2696 est
634 2634 697 2695 Ec·
730 2638 782 2720 qui
793 2637 1147 2721 supererantanuihujus
1157 2639 1331 2714 dies',more

104 2722 177 2803 loga
190 2722 299 2804 prima,
310 2722 371 2802 qni
380 2725 474 2804 poe'ta
484 2742 570 2782 suam
580 2720 612 2779 in
622 2740 699 2800 agro
730 2722 858 2784 illorum¹
868 2738 1048 2803 temporum.
1075 2721 1228 2782 Antonius
1242 2742 1332 2783 exer-

105 2806 311 2888 recuperando
327 2807 499 2895 seligitatem
524 2806 579 2865 sub
594 2802 699 2884 Tityri
731 2807 807 2869 cittis
820 2807 866 2868 sui
878 2822 1007 2890 partem,
1017 2818 1051 2865 ut
1063 2825 1116 2887 per
1126 2806 1267 2885 hyemem
1278 2826 1319 2867 ex

105 2892 224 2952 nomine
247 2903 454 2969 repraesentat.
498 2888 633 2951 Proinde
647 2907 699 2948 ex·
731 2906 855 2965 erceret,
872 2891 963 2951 mittit
992 2888 1136 2948 adverstis
1150 2888 1331 2965 Parthinos,

105 2995 190 3034 orsus
203 2985 248 3043 est
261 2970 422 3047 Bucolica,
435 2974 504 3033 citm
519 2993 632 3035 murum
648 2972 700 3032 de·
732 2971 1140 3055 gentemlllyricam,&olim
1150 2970 1243 3033 Bruti
1251 2971 1333 3034 Cas·

105 3055 614 3134 currerntnonumacvigesimum,
629 3076 700 3117 nee·
732 3056 1022 3137 siiquestudiosam;
1045 3056 1335 3138 expeditionemque

106 3142 177 3200 dnm
197 3139 270 3200 ltlus
292 3138 441 3201 Octobres
463 3137 622 3219 attigisset,
639 3159 700 3218 qno
730 3141 866 3204 Pollioni
878 3161 933 3202 suo
946 3139 1118 3215 committit,
1129 3154 1163 3201 ut
1174 3140 1335 3221 colligitur

107 3240 241 3307 tempore
262 3223 447 3303 trigesimum
462 3236 527 3285 erat
547 3223 700 3303 ingressu·
732 3247 769 3287 ex
784 3227 847 3306 ejus
860 3226 1015 3308 triumpho
1027 3224 1065 3284 de
1076 3222 1234 3286 Parthinis
1251 3246 1334 3287 armo

107 3305 701 3390 rus.StatimqueRorntiprot'ectusMan·
732 3310 871 3392 proxim'e
887 3320 1100 3391 consequente.

108 3410 200 3469 tuam,
214 3412 368 3473 novosque
379 3412 564 3476 possessores
574 3404 701 3453 conatus
775 3391 935 3475 Virgilius,
949 3394 1019 3455 edm
1035 3393 1115 3453 filius
1127 3392 1265 3455 Pollioni
1277 3415 1334 3455 na-

108 3500 145 3540 ox
157 3500 234 3557 agro
244 3477 362 3557 ejicere,
371 3478 480 3540 Arium
495 3497 603 3558 nempe
618 3474 701 3537 Cen-
733 3491 781 3538 tus
810 3492 895 3553 esset,
920 3479 984 3558 ejus
1009 3477 1224 3559 genethliacon
1250 3478 1335 3538 canit

110 3565 267 3639 terrionem,
290 3573 344 3622 aut
363 3563 577 3645 primipilarem
598 3559 701 3621 Milie·
732 3561 856 3643 Eclogi
878 3563 1000 3643 quarti3
1036 3574 1199 3641 atttequam
1227 3560 1335 3623 Pollio

110 3669 182 3709 trum
224 3647 388 3724 Toronen,
432 3661 484 3708 aut
524 3659 701 3707 veteranum
733 3646 944 3727 magistratum
960 3646 1139 3721 abditisset
1153 3666 1224 3706 nam
1237 3666 1267 3707 v.
1283 3651 1334 3706 ll.

111 3732 290 3794 Claudium:
314 3732 353 3791 ab
374 3753 417 3809 eo,
442 3731 577 3813 quisquis
601 3729 701 3803 suerit,
738 3729 1087 3813 'I'equeadedderosboc
1100 3730 1165 3806 aeui,
1179 3728 1336 3791 teConsn·
1372 3756 1376 3767 ·

111 3816 191 3878 male
215 3812 344 3892 habitus,
365 3817 446 3897 tegre
460 3817 534 3877 vitm
548 3814 613 3876 sure
628 3834 702 3874 con·
734 3815 771 3892 le,
795 3814 893 3890 inibit,
917 3814 1040 3888 Pollio3
1072 3827 1141 3897 post
1162 3812 1337 3874 Bnmdusi-

111 3902 213 3977 suluit,
228 3900 346 3963 Mincio
360 3915 462 3963 natatu
473 3902 611 3982 trajecto.
635 3897 702 3958 Ro·
735 3921 805 3960 nam
822 3922 927 3982 pacem
943 3899 1096 3960 Pollionis
1113 3899 1208 3979 operti
1221 3899 1337 3960 consti·
1374 3944 1376 3951 .

112 4008 192 4049 mam
208 4007 368 4063 regressus,
384 4000 418 4048 ut
430 3986 491 4047 vim
510 4006 592 4047 novo
607 3982 703 4045 Octa·
735 3997 842 4059 tutam,
853 4006 922 4044 nam
933 4006 962 4044 v.
977 3989 1025 4045 tt.
1069 3981 1278 4066 Paestumque
1291 4005 1339 4043 re-

113 4071 195 4131 viani
210 4072 308 4133 edicto
328 4072 512 4154 reprimeret,
538 4069 703 4147 Eclogam,
731 4077 786 4152 get
801 4068 914 4149 patriis
936 4065 1095 4130 virtut-ibas
1122 4066 1237 4128 orbem:
1268 4080 1340 4149 post

113 4176 183 4234 qrtae
199 4157 303 4218 ordine
325 4178 406 4219 nona
427 4155 547 4235 legitur,
561 4152 705 4214 obtulisse
738 4154 962 4233 pacenmetimu
977 4151 1192 4226 Puteolanam,
1217 4151 1341 4213 invertit

114 4239 232 4300 videtur
260 4241 354 4319 Varo,
385 4240 464 4323 apud
502 4237 705 4299 Octavianum
739 4236 854 4297 seilicet
875 4238 905 4296 in
929 4238 1034 4297 urbem
1051 4236 1249 4312 abundantiis,
1267 4256 1338 4297 tram

113 4323 258 4403 grastioso,
281 4327 366 4405 quasi
389 4324 522 4387 libellum
539 4320 705 4404 supplicem
739 4342 768 4379 r.
784 4325 834 4383 21.
880 4320 959 4405 Ipsa
981 4320 1056 4383 tacte
1079 4321 1196 4395 domum
1210 4319 1340 4401 referent

114 4409 303 4489 indiromtpre
329 4409 524 4484 calamitatis3
568 4427 705 4486 eamque,
738 4403 1010 4488 detestarentur
1035 4404 1144 4479 ittera,
1165 4406 1220 4467 &a
1246 4405 1341 4484 igitur

95 4502 132 4565 ut
150 4512 202 4551 res
225 4494 368 4571 urgebat,
385 4495 536 4557 subitario
551 4492 667 4577 impetu
689 4490 706 4551 b
739 4489 1112 4553 sttbrstrenmsannitlies.
1133 4488 1250 4551 Parum
1258 4489 1340 4551 enim
