2766 5174
551 448 889 522 'ARGUMENTUK
1270 469 1327 535 161

156 592 485 679 Gortaenugnitxsdinis
493 595 556 656 sive
568 596 745 675 durationis,
754 621 824 682 quse
835 600 929 684 vulgo
938 605 1010 665 anni
1020 604 1109 666 unius
1117 607 1227 688 spatio,
1237 609 1328 672 inter-

119 678 185 740 dum
209 678 298 740 edum
324 678 445 740 minore
456 679 617 741 definitur:
633 684 672 743 ab
687 684 723 743 eis
737 685 878 747 nimirum
894 688 1129 770 actionisparte,
1142 691 1222 751 unde
1236 696 1329 774 poita

120 763 200 825 sumit
210 763 369 845 poimatis
383 763 542 824 exordium
554 786 563 840 ;
578 765 617 825 ad
629 785 723 847 usque
732 770 883 852 poematis
896 772 996 833 finem.
1042 771 1094 833 Sic
1110 771 1251 854 Odyssea
1264 776 1328 837 dies

120 848 241 929 quinque
254 847 383 908 omnino
397 862 428 907 et
441 848 682 929 quinquaginta:
704 849 778 912 llius
793 873 906 915 annum
920 856 1070 935 integrum
1083 857 1175 938 capit.

154 929 337 993 FABULA
352 944 472 993 constat
483 931 630 1013 partibus,
647 933 710 995 sive
723 935 815 1035 plane
835 938 1020 1014 necessariis,
1036 959 1106 1020 quae
1126 953 1195 1001 sunt
1208 942 1328 1004 ceordi-

121 1037 168 1093 ιι,
180 1038 287 1092 nares,
300 1028 332 1076 et
344 1012 474 1076 solutio:
496 1016 558 1076 sive
570 1037 631 1077 non
643 1017 736 1100 plane
751 1021 938 1097 necessariis,
952 1042 1022 1120 qum
1037 1036 1108 1083 sunt
1119 1023 1263 1106 episodiu.

154 1098 335 1175 Exordium,
344 1099 437 1160 habet
444 1099 682 1181 propositionem
696 1103 834 1180 actionis,
843 1104 1066 1166 invocationem
1078 1107 1219 1184 numinis,
1235 1109 1326 1171 etiam

120 1183 153 1245 nli
171 1184 278 1245 nando
292 1184 517 1245 dedicationem
530 1185 631 1266 operis
646 1184 776 1267 principi
793 1201 845 1248 aut
859 1187 958 1250 amico
972 1189 1048 1250 viro.

150 1206 270 1344 herus,
285 1281 332 1328 est
357 1267 510 1327 variorum
539 1288 664 1329 casuum
690 1271 790 1346 series,
807 1271 845 1332 ad
860 1291 928 1332 eam
942 1292 1037 1352 usque
1049 1273 1196 1372 perducta
1209 1287 1326 1356 partem

118 1352 216 1436 operis,
231 1353 266 1413 in
281 1351 344 1432 quit
355 1350 527 1412 functionis
542 1352 639 1413 flexus
651 1352 683 1412 in
699 1352 871 1416 felicitatem
886 1354 1160 1418 autint‘elicrtatcm.

150 1434 283 1511 Salutio,
299 1449 345 1496 est
359 1435 504 1517 quicquid
515 1435 554 1496 ab
568 1456 605 1496 co
621 1437 699 1497 flexu
710 1437 748 1498 ad
763 1439 854 1500 linem
867 1459 961 1521 usque
976 1438 1106 1501 actionis
1116 1442 1283 1522 peragitur.

141 1518 316 1605 ,Epirodim
331 1537 401 1580 sunt
410 1519 544 1579 actiones
557 1521 697 1600 quaedam
721 1522 892 1599 adscititiae,
914 1543 1068 1604 quaecum
1084 1524 1203 1584 actione
1216 1527 1326 1608 praeci·

113 1602 276 1686 pnireluti
292 1602 504 1679 necessariam,
532 1604 612 1664 certi
639 1603 832 1668 verisimilem
854 1606 1100 1688 conjunctionem
1113 1607 1233 1669 habent.
1276 1608 1328 1670 Ea

113 1688 199 1769 vulgi)
212 1688 247 1748 in
263 1707 385 1762 nexum,
401 1686 471 1746 rard
491 1686 521 1746 in
537 1687 728 1763 solutionem,
757 1710 911 1771 nunquam
926 1691 957 1752 in
972 1690 1129 1752 exordium
1145 1690 1325 1753 inseruntur.

113 1771 242 1830 Mu
251 1770 337 1832 dicta
348 1771 388 1831 ab
397 1774 550 1853 ivhsnper,
560 1782 683 1854 pretor,
694 1775 732 1845 iu,
742 1773 785 1849 in,
796 1787 827 1836 et
838 1772 976 1851 tharim
991 1773 1077 1856 quasi
1091 1772 1326 1856 supervenientia

113 1854 222 1916 usian
238 1864 268 1915 ct
282 1853 387 1915 serien
403 1854 538 1915 actionis.
758 1856 761 1861 ’

140 1936 308 2000 MORES
323 1937 452 2018 denique
467 1937 658 2001 manifestant
673 1941 765 2002 animi
792 1940 925 2003 affectus.
970 1938 1230 2003 SENTENTIA
1244 1961 1326 2003 men·

113 2020 365 2103 incogitatioues
379 2022 528 2103 exprimit.
547 2025 549 2031 '
573 2020 731 2086 DICTIO
747 2038 882 2085 mor-eset
893 2026 1070 2086 sententiam
1085 2036 1290 2107 repraesentut.

460 2188 522 2249 uu
545 2144 733 2252 uluuuu
757 2188 974 2255 nussum.

141 2338 242 2400 Actio
256 2335 413 2410 AEneidos,
428 2348 462 2396 ut
473 2334 557 2395 nuda
569 2347 614 2395 est
626 2336 728 2418 operis
740 2337 877 2413 materia,
891 2337 935 2398 sic
949 2357 982 2399 se
993 2338 1093 2420 habet.
1137 2339 1259 2415 AEneus,
1278 2338 1326 2401 in·

112 2422 228 2483 cneii
242 2419 364 2482 Graecis
376 2416 484 2499 Trojt,
500 2439 570 2480 cum
588 2439 711 2480 suorum
732 2419 867 2501 reliquiis
881 2420 956 2482 mari
972 2443 1004 2483 se
1018 2421 1188 2499 committit,
1203 2421 1325 2485 ltaliam

112 2506 265 2580 tumtur,
277 2502 360 2565 uude
382 2502 513 2582 majores
525 2503 590 2582 ejus
605 2503 662 2564 orti
678 2525 743 2565 esse
756 2504 944 2566 ferebantur:
966 2505 1049 2582 illuc,
1062 2519 1132 2588 post
1142 2526 1232 2568 casus
1246 2507 1327 2568 terris

112 2588 244 2671 urique
254 2588 369 2661 varios,
385 2585 524 2668 appellit:
539 2584 688 2669 excipitur
699 2588 870 2650 humaniter
883 2588 902 2649 t
913 2587 1037 2666 Latino,
1050 2603 1122 2651 tunc
1134 2589 1247 2651 ibidem
1256 2610 1326 2670 reg-

112 2688 212 2749 nante3
226 2684 258 2732 et
270 2669 413 2732 Lavinia:
424 2669 538 2752 nuptiis
553 2670 585 2732 in
599 2691 744 2751 generum
757 2672 962 2756 adoptaretur,
978 2674 1036 2734 nisi
1043 2673 1178 2734 obstaret
1188 2671 1324 2748 Turnus,

111 2755 208 2818 unni
224 2754 414 2816 Rutulorum
429 2754 510 2834 regis
525 2753 614 2815 filius.
659 2752 691 2817 ls
704 2754 1166 2839 Laviuiaenuptinsjnmpridcm
1179 2755 1325 2832 ambiens,

111 2840 232 2903 &eun
248 2839 337 2919 gravi
349 2839 430 2901 bello
444 2850 553 2898 vexat:
576 2838 629 2899 sed
641 2840 680 2899 ab
701 2860 739 2901 eo
752 2840 850 2901 victus
868 2853 901 2901 et
915 2840 1043 2916 occisus,
1059 2860 1201 2922 sponsam
1215 2839 1244 2902 ei
1256 2859 1326 2921 reg·

111 2942 239 3002 sumque
252 2923 426 2984 habendum
439 2922 568 3002 denique
577 2922 733 3004 permittit.

149 3004 252 3067 {tm
266 3026 342 3081 esse,
358 3018 448 3086 atque
458 3003 613 3080 ilisutrcm,
624 3025 690 3067 earn
702 3008 851 3069 actionem
863 3008 967 3089 liquet.

151 3088 338 3172 Complutum
348 3089 475 3169 negavit
488 3086 650 3169 Maphaeus
665 3087 794 3170 vegius,
810 3091 939 3172 ideisque
953 3091 1010 3150 sibi
1025 3109 1114 3172 posse
1123 3089 1205 3149 visus
1217 3103 1262 3151 est
1272 3090 1326 3152 de-

111 3172 217 3233 cimum
232 3173 355 3234 tertium
370 3172 481 3232 librum
498 3168 618 3234 AEneidi
634 3193 764 3249 assuere,
777 3194 839 3255 quo
853 3172 990 3234 dolorem
1005 3172 1202 3247 Rutulorum,
1224 3170 1325 3234 Turni

111 3255 203 3331 ianm,
216 3258 323 3319 AEneae
335 3255 457 3337 nuptias
467 3266 496 3315 et
506 3254 686 3336 apotheosin
695 3257 871 3338 complexus
883 3268 945 3317 est:
959 3256 1070 3316 temeri:
1083 3255 1219 3317 omnino.
1241 3253 1325 3317 Nam

111 3341 306 3422 apotheosisis
320 3338 401 3401 Jove
412 3339 563 3420 promissa
574 3352 619 3399 est
638 3338 691 3400 lib.
711 3346 738 3401 l.
758 3344 831 3401 263.
875 3338 967 3400 Feres
982 3339 1024 3401 od
1036 3338 1136 3400 sidero
1150 3338 1214 3402 coeli
1226 3336 1325 3426 Mag·

110 3424 255 3519 quim
282 3426 420 3520 AEneun.
463 3420 546 3517 'lum
578 3423 760 3521 confirmata
771 3424 791 3485 l.
814 3427 862 3485 12.
878 3427 951 3484 794.
1000 3421 1165 3507 Indigetem
1199 3425 1326 3489 AEncan

110 3505 522 3653 antistiit:
537 3503 752 3671 ,lsslttfflt
769 3505 1025 3653 dirimit
1039 3507 1325 3655 ‘stetim

110 3671 173 3742 inc.
216 3672 343 3751 Caetera,
360 3695 431 3755 quac
445 3675 485 3735 ad
497 3694 641 3756 pompam
655 3674 829 3756 luctumque
850 3675 1009 3759 pertinent,
1024 3674 1137 3755 frigida
1162 3695 1198 3736 ac
1222 3676 1324 3756 pueri-

111 3756 165 3831 lis,
179 3758 259 3819 certis
271 3758 398 3821 minimi:
411 3758 589 3818 necessaria.

148 3838 396 3927 Magnitudinem
408 3841 499 3902 habet
512 3852 619 3903 certon
634 3842 815 3922 acjustam:
838 3842 911 3905 licet
925 3842 1005 3905 enim
1018 3855 1088 3902 octo
1103 3840 1223 3903 circiter
1237 3839 1324 3901 aunis

112 3922 231 3987 duriose
242 3926 323 3988 actio
337 3940 404 3986 tota
417 3925 537 3986 dicatur
549 3947 558 4003 3
580 3946 674 3987 unum
689 3939 789 3987 tamen
803 3947 841 3987 ex
861 3927 908 4002 iis,
923 3945 1053 4005 eumque
1067 3923 1215 4000 ultimum,
1231 3924 1325 4021 po‘e'ta

113 4006 333 4091 mplecdtur:
357 4008 563 4091 superioribus
574 4009 697 4089 reliquis
712 4009 744 4069 in
756 4010 943 4092 episorlicam
956 4009 1063 4072 AEneae
1081 4027 1184 4069 coram
1199 4005 1324 4069 Dtdone

115 4093 309 4155 medorum
320 4092 463 4154 redactis.
505 4090 707 4152 Mambrunus
717 4093 838 4173 quidem
851 4093 1000 4155 sexdecim
1014 4112 1129 4153 menses
1141 4089 1262 4154 AEneidi
1277 4101 1323 4151 at·

116 4173 219 4252 tribuit,
233 4196 272 4238 eo
283 4177 445 4250 adductus,
461 4175 545 4255 quod
566 4175 723 4252 Anchises,
739 4190 772 4236 ut
784 4197 821 4236 ox
837 4176 857 4236 l.
871 4182 901 4237 5.
915 4176 1062 4257 liquidum
1076 4188 1131 4250 est,
1156 4172 1266 4234 obierit
1291 4172 1323 4232 in

117 4252 213 4321 Sicilii
223 4280 319 4323 verno
330 4273 477 4341 tempore.
521 4255 612 4319 Unde
627 4258 669 4319 sic
682 4259 820 4338 colligit:
843 4260 970 4331 AEneam
983 4279 1043 4319 non
1058 4257 1153 4318 multh
1163 4255 1243 4339 post,
1255 4274 1323 4315 ver·

115 4340 228 4404 noitcrn
241 4357 390 4426 tempore,
406 4341 475 4402 inde
486 4340 621 4418 solvisse,
637 4342 706 4404 edm
732 4343 765 4402 in
785 4341 921 4403 Africam
943 4353 1118 4424 tempestate
1132 4340 1245 4420 ejectus
1258 4349 1304 4401 est
1312 4360 1324 4416 ;

116 4422 185 4501 quid
196 4426 271 4489 enim
283 4446 364 4501 mm,
376 4438 497 4487 mortuo
532 4437 606 4501 atre,
619 4424 688 4486 satis
703 4425 735 4485 in
754 4423 874 4486 ltaliam
889 4426 1078 4500 vocantibus,
1100 4422 1213 4484 diutius
1225 4422 1258 4483 in
1271 4418 1323 4483 Si-

117 4504 185 4567 citit
195 4508 357 4571 tenuisset?
378 4524 443 4570 tum
460 4446 545 4569 addit
555 4508 729 4569 eundemin
744 4509 850 4570 Africi:
864 4522 958 4569 totam
978 4507 1126 4588 hyemem,
1140 4520 1230 4588 atque
1244 4504 1323 4567 aded

116 4592 292 4655 wuumleri
305 4591 493 4670 traduxisse3
515 4590 662 4673 siquidem
686 4592 878 4653 indeiterum
901 4593 933 4653 in
956 4590 1094 4652 Siciliam
1117 4590 1325 4652 iueuutovcre

117 4674 273 4755 rsjtcimr,
284 4675 508 4741 murmurio:
521 4675 602 4757 patri
617 4674 705 4736 ludos
726 4676 910 4737 celebravit:
926 4673 1050 4755 reliquis
1064 4687 1165 4736 autem
1179 4674 1211 4734 in
1232 4670 1324 4735 tulit

118 4758 257 4835 valere
269 4760 362 4843 gestis
376 4777 493 4864 menses
504 4757 664 4822 mimarum
671 4773 805 4842 quatuor
817 4778 883 4825 esse
890 4758 1081 4828 tribuendos.
1110 4759 1248 4847 Pugnat
1259 4776 1337 4823 can·
