2766 5174
552 861 773 951 VITA

433 1122 641 1190 incenso
668 1129 888 1195 AUCTORE

172 1370 310 1455 Quen
336 1374 497 1458 aarum
519 1377 745 1445 noussen
766 1338 911 1448 ansb
932 1384 1126 1454 rursus.

94 1621 290 1705 »bantus
301 1626 457 1710 Virgilius
468 1630 561 1692 Maro
569 1635 745 1714 parentibus
758 1637 885 1700 modicis
894 1638 960 1716 suit,
970 1653 1001 1701 et
1037 1641 1270 1724 raecipnepatre

141 1708 298 1772 Marone:
321 1733 414 1793 quern
425 1715 550 1795 quidam
560 1716 701 1796 opificem
715 1720 860 1800 figulum3
870 1738 873 1745 '
883 1723 995 1805 plures,
1006 1661 1043 1786 dl
1047 1726 1098 1806 agi
1112 1728 1268 1809 cujusdam

94 1793 170 1854 toris
186 1794 277 1855 initio
291 1799 524 1876 mercenarium,
539 1805 609 1860 mo‘x
631 1804 672 1863 ob
694 1804 873 1868 industriam
894 1828 1040 1885 generum
1062 1810 1270 1890 tradiderunt3

94 1897 134 1937 ern
155 1877 232 1938 citur
255 1879 471 1958 agricolationi
493 1883 596 1964 reique
610 1887 734 1949 rusticae
755 1900 786 1949 et
807 1890 953 1968 gregibus
974 1893 1158 1973 praesecisset
1172 1915 1268 1972 socer,

94 1959 135 2018 ris
145 1962 332 2023 coemundis
344 1977 375 2025 et
386 1965 497 2063 apibus
505 1968 648 2031 curandis
659 1969 793 2031 reculam
806 1973 899 2033 auxit.
924 1972 1023 2034 Natus
1035 1989 1089 2052 est,
1103 1976 1163 2038 Cn.
1175 1976 1269 2041 Potn-

94 2040 262 2125 oMagno,
272 2044 359 2108 etbl.
376 2048 501 2113 lacinio
511 2050 635 2129 Crasso,
671 2053 779 2115 rimbm
793 2053 881 2116 Coss.
897 2054 1009 2119 Iduum
1019 2057 1199 2121 Octobrium
1208 2062 1267 2139 die,

94 2147 167 2207 rago
178 2129 234 2209 qni
246 2130 354 2192 Andes
366 2132 488 2212 dicitsn,
502 2135 553 2217 qui
566 2150 611 2197 est
622 2075 781 2199 ailantub
789 2158 851 2200 non
861 2139 977 2220 procul.
991 2140 1165 2221 Praegnans
1174 2157 1269 2206 mater

94 2211 134 2287 ia,
145 2211 220 2273 crim
229 2213 413 2276 somniasset
421 2218 541 2280 enixam
551 2240 583 2279 se
595 2220 732 2283 lauream
744 2242 872 2299 minum,
881 2244 968 2303 quem
981 2238 1269 2307 compactumterrar

94 2294 201 2371 luisse,
224 2308 258 2357 et
278 2298 449 2360 excrevisse
465 2299 548 2361 illicd
564 2302 742 2386 inspeciem
757 2319 886 2368 maturae
901 2307 1028 2384 arboris,
1044 2308 1162 2371 refertae
1176 2311 1270 2373 variis

94 2379 136 2440 nis
150 2392 185 2440 et
198 2380 339 2458 floribus,
356 2396 508 2461 cerneret3
530 2388 665 2466 sequenti
679 2389 748 2449 luce
769 2411 839 2450 cum
861 2390 970 2451 marito
992 2412 1044 2453 rus
1064 2393 1269 2476 propinquum

94 2484 205 2539 ens,ex
214 2463 466 2542 itineredivertit‚
475 2480 565 2555 atque
576 2469 607 2530 in
615 2471 839 2550 subjectisossi
848 2487 937 2553 partu
947 2474 1048 2536 levata
1057 2490 1110 2538 est
1153 2476 1272 2541 Ferunt

94 2560 198 2622 tutem,
212 2561 250 2609 ut
263 2547 323 2610 fuit
336 2549 446 2626 editus,
458 2570 515 2612 nec
526 2553 657 2632 vagisse,
682 2566 713 2615 et
734 2554 812 2615 adesi
827 2556 892 2617 miti
906 2557 992 2618 vultu
1007 2558 1107 2635 luisse,
1130 2574 1167 2625 ut
1186 2561 1269 2624 ltaud

94 2631 165 2692 tiam
179 2652 266 2713 spem
275 2633 478 2714 prosperioris
490 2635 640 2715 geniturae
645 2638 714 2718 jam
726 2642 789 2699 tum
801 2638 959 2701 indicaret.
995 2640 1039 2703 Er
1049 2644 1175 2704 accessit
1186 2644 1269 2706 aliud
1339 2678 1342 2685 ·

94 2715 243 2794 esagiunt.
264 2714 425 2798 Siquidem
436 2717 527 2798 virga
535 2720 679 2802 populea,
692 2742 776 2783 more
791 2722 925 2801 regionis
937 2723 969 2783 in
982 2726 1149 2806 puerperiis
1162 2728 1270 2790 eodem

94 2799 150 2858 tim
162 2798 236 2859 loco
253 2799 391 2882 depacta,
405 2801 450 2863 ita
463 2802 548 2864 brevi
561 2805 686 2881 coaluit,
702 2818 736 2866 ut
749 2804 844 2867 multb
859 2806 930 2867 autb
946 2820 1026 2867 satas
1040 2810 1171 2891 poptdos
1185 2812 1270 2874 ada)-

94 2880 162 2959 itit,
186 2903 256 2963 quta
280 2885 371 2947 arbor
393 2883 520 2967 Virgilii
542 2908 580 2948 ex
604 2909 641 2950 eo
663 2889 756 2965 dicta,
780 2902 871 2970 atque
885 2904 1063 2953 consecrata
1076 2906 1131 2975 est,
1154 2895 1271 2959 samari

94 2966 244 3027 avidarum
258 2981 290 3028 et
303 2968 444 3030 loetarutn
467 2970 626 3050 religione,
646 2972 874 3055 suscipientium
888 2972 931 3033 ibi
946 2988 976 3035 et
990 2975 1170 3037 solventium
1185 2991 1268 3041 vota.

94 3048 183 3109 initia
196 3051 308 3126 uetans,
314 3052 407 3129 idest,
420 3074 518 3133 usque
530 3056 569 3116 ad
580 3057 740 3139 septimum
751 3078 874 3131 antrum,
885 3055 1049 3118 Cremonae
1059 3060 1140 3139 egit:
1155 3074 1185 3120 et
1196 3060 1268 3121 xvii.

94 3153 123 3193 to
146 3132 271 3195 virilem
292 3147 397 3215 togam
418 3135 509 3217 cepit,
537 3137 597 3197 illis
620 3139 796 3199 conssulibus
821 3139 929 3199 iterum
952 3141 1062 3216 quibus
1084 3152 1172 3198 natus
1194 3154 1268 3215 erat

94 3216 153 3277 nsit
177 3237 218 3279 ne
229 3232 265 3277 ut
274 3238 310 3279 ao
321 3217 391 3301 ipso
401 3218 451 3279 die
463 3216 636 3295 Lucretius,
648 3225 743 3302 poe'ta
752 3221 920 3283 decederet.
956 3218 1019 3278 Sed
1028 3217 1178 3300 Virgilius
1191 3221 1269 3285 Cre·

94 3302 131 3361 nis
140 3238 366 3377 blediolanum
381 3315 412 3362 et
426 3301 496 3363 inde
510 3302 605 3384 paulo
618 3303 688 3387 post
701 3301 866 3385 Neapolim
877 3301 1013 3379 transiit;
1028 3303 1081 3363 ubi
1093 3303 1162 3365 crim
1174 3304 1268 3369 literis

94 3384 215 3446 Graecis
237 3399 268 3447 et
286 3384 409 3447 Latinis
424 3385 716 3449 vehementissimam
732 3407 857 3469 operam
881 3384 1021 3462 dedisset,
1045 3387 1165 3451 tardem
1185 3391 1267 3453 omui

93 3471 112 3530 ti
126 3469 275 3550 omnique
288 3469 391 3531 studio
404 3469 531 3530 indulsit
545 3471 705 3532 medicina,¹
720 3485 750 3532 et
764 3469 994 3531 mathematicis.
1039 3469 1159 3551 Quibus
1177 3474 1268 3537 rebus

94 3568 191 3615 uartte
200 3552 433 3615 alioseroditior
445 3553 631 3636 peritiorque
642 3568 729 3629 esset,
742 3574 774 3615 se
784 3554 816 3613 in
828 3555 934 3614 urbem
945 3554 1090 3615 contulit:
1106 3557 1267 3640 suumque

94 3638 180 3716 gistri
203 3637 314 3698 stabuli
338 3658 485 3719 equorum
506 3638 639 3717 Augusti
663 3637 828 3699 amicitiam
843 3650 959 3713 nactus,
975 3637 1085 3698 multos
1105 3641 1268 3723 variosque

94 3722 163 3781 rbos
177 3720 348 3783 incidentes
370 3723 455 3802 cquis
477 3723 604 3784 curavit.
648 3723 691 3784 At
711 3722 870 3802 Augustus
892 3720 923 3782 in
947 3723 1115 3783 mercedem
1137 3723 1267 3804 singulis

94 3806 146 3865 bus
162 3826 257 3887 panes
269 3804 417 3887 Virgilio,
432 3818 467 3866 ut
480 3806 532 3868 uni
548 3826 584 3867 ex
599 3804 783 3880 stabulariis,
799 3804 866 3866 dari
873 3805 976 3885 jussit.
1019 3803 1140 3866 Interea
1155 3805 1266 3868 acro·

94 3889 165 3950 istis
187 3890 287 3971 pullus
312 3890 383 3970 equi
407 3890 493 3951 mirae
515 3890 749 3973 pulchritudinis
762 3888 882 3950 Caesari
897 3889 979 3949 dono
994 3889 1051 3950 suit
1065 3890 1189 3950 missus:
1213 3910 1264 3972 qur

94 3975 306 4054 niumjadicio
315 3994 400 4057 spem
412 3974 612 4057 portendebat
622 3974 744 4035 virtutis
755 3986 785 4035 et
797 3971 959 4033 celeritatis
970 3972 1135 4035 immensae.
1171 3971 1267 4037 Hunc

94 4059 284 4141 respexisset
294 4058 399 4135 Maro,
407 4058 554 4139 magistro
566 4059 676 4120 stabuli
689 4058 775 4134 dixit,
786 4070 891 4118 natum
899 4076 964 4117 esse
973 4077 1009 4117 ex
1022 4055 1165 4154 morbosi
1175 4057 1265 4140 equi,

94 4164 138 4203 uec
152 4144 272 4204 viribus
288 4143 462 4219 valiturum,
485 4164 541 4204 nec
563 4142 734 4220 celeritate3
756 4142 847 4222 idque
868 4160 973 4203 verum
997 4140 1088 4202 luisse
1109 4155 1266 4203 inventurn

94 4272 96 4285 .
137 4226 235 4307 Quod
250 4226 319 4289 cbm
342 4228 487 4307 magister
502 4227 612 4288 stabuli
626 4227 770 4307 Augusto
791 4223 956 4301 recitasset,
978 4224 1129 4306 duplicari
1151 4224 1210 4307 ipsi
1225 4223 1266 4285 ¹in

94 4312 210 4372 rcedern
233 4332 328 4394 panes
335 4312 438 4393 jussit.
483 4310 563 4372 Ciam
587 4311 658 4373 item
681 4331 718 4372 ex
740 4307 892 4392 Hispania
912 4307 1055 4395 Angusto
1077 4328 1167 4369 canes
1182 4307 1264 4370 douo

94 4406 239 4472 mutar,
254 4409 287 4455 et
296 4410 437 4476 parentes
452 4415 556 4455 eorum
570 4395 648 4456 dixit
659 4393 820 4474 Virgilius,
833 4405 863 4452 et
875 4392 1009 4452 animum
1021 4390 1264 4488 celeritatemque

94 4498 187 4540 amm.
231 4480 307 4560 Quo
321 4480 456 4562 cognito,
470 4479 594 4540 mandat
607 4480 717 4540 iterum
733 4476 922 4558 augmentari
936 4473 1073 4555 Virgrbo
1085 4495 1188 4558 panes.

94 4558 248 4625 Dubitavit
258 4564 417 4645 Augustas
430 4562 592 4625 Octaviine
604 4563 685 4624 lilius
697 4575 783 4636 esset,
794 4582 834 4623 an
846 4559 984 4656 alteritus
1000 4558 1091 4641 idque
1102 4557 1264 4623 Maronem

94 4646 164 4708 erire
187 4668 273 4730 posse
295 4648 459 4710 arbitratus
480 4662 534 4723 est,
558 4648 630 4728 quia
644 4666 753 4708 canum
776 4658 807 4705 et
827 4660 897 4726 equs
912 4653 1051 4707 naturate
1066 4657 1265 4729 putantesque

94 4731 205 4809 norat
245 4733 365 4792 Amoris
385 4733 481 4806 igitur
493 4730 635 4791 omnibus
641 4730 783 4849 garbitris,
799 4729 888 4797 illum
904 4729 937 4795 in
951 4730 1145 4818 penitioretn,
1154 4740 1282 4818 partam
