2766 5174
296 528 664 607 ARGUMENTUM
689 528 745 604 IN
770 527 1045 606 GEORGICA.

76 808 425 895 GEORGICORUM
443 846 557 901 nomem
580 825 721 902 tame,
746 825 901 908 agricola:
922 823 977 887 troc
998 834 1096 888 audem
1119 825 1138 887 ὰ
1158 837 1232 905 γαῖα,
1249 826 1297 893 ool

76 907 123 973 nte
136 922 226 988 terra,
239 911 363 985 etima
386 930 431 970 us.
477 908 654 972 Traduntur
680 909 737 972 lsoc
762 931 848 994 opere
861 920 1013 994 precepta
1037 909 1073 971 de
1158 910 1164 922 ’
1200 912 1295 990 lturd,

79 1004 207 1077 quatuor
216 994 309 1057 libris.
372 992 452 1059 .De
460 995 605 1056 aratione.
647 992 693 1056 ΙΙ.
715 993 766 1056 De
796 993 969 1056 lantatione.
1012 993 1075 1056 ΠΙ.
1134 1017 1149 1057 e
1153 997 1297 1079 pastione

79 1077 216 1163 cultaque
221 1100 370 1164 pecorum.
413 1076 478 1139 IV.
499 1077 551 1140 De
565 1075 670 1161 apibus
684 1088 712 1140 et
726 1016 902 1142 medatione.
946 1076 1055 1162 anue
1067 1078 1166 1141 onmia
1176 1092 1296 1149 statura

80 1163 336 1225 accommodantur
360 1161 462 1225 Italici
485 1160 553 1238 soli,
566 1161 789 1246 prasertimque
808 1161 927 1238 Veneti,
948 1161 1053 1247 inquo
1078 1163 1294 1248 Montuofuit.

80 1244 196 1309 Ducem
209 1247 241 1309 in
254 1268 286 1309 eo
297 1268 407 1331 genere
420 1255 534 1308 secatus
548 1255 590 1308 est
609 1244 762 1391 W'ffum
773 1245 940 1309 Hesiodum
953 1247 1106 1311 dseraenm
1114 1270 1150 1310 ec
1160 1247 1295 1327 Baetid,

82 1330 117 1392 de
126 1352 185 1476 {luo
196 1331 324 1393 dicimus
334 1328 403 1392 Est.
419 1335 449 1392 6.
462 1336 513 1391 70.
543 1328 638 1413 Cujus
652 1329 664 1392 l
695 1353 770 1407 rum,
790 1330 883 1392 inseri
904 1341 964 1392 tum
979 1333 1036 1404 im
1046 1336 1087 1388 nul
1097 1332 1187 1407 iulias,
1200 1353 1298 1416 opere

81 1429 113 1477 et
148 1416 199 1492 ἐς,
221 1415 310 1499 longi
325 1424 352 1476 et
366 1435 398 1477 co
426 1414 452 1474 'd
467 1412 655 1498 etelegantid
669 1413 828 1497 superauit.
898 1425 1003 1498 aptum
1013 1426 1055 1477 cst
1064 1437 1137 1499 opus
1147 1439 1225 1478 anno
1236 1419 1297 1480 cir·

82 1498 154 1563 citer
171 1498 210 1562 U.
228 1497 266 1560 C.
279 1504 351 1561 717.
394 1435 713 1594 ἢτςίῑὲἑβΞαιιτδῧ.
727 1498 1115 1643 ετεφτωιπὶομὸροῑίἰωη.
1184 1508 1187 1514 ’

123 1582 287 1660 Mesenae,
303 1581 351 1645 cni
369 1580 520 1664 Georgica
533 1581 677 1665 inscripta
690 1592 767 1659 sunt,
776 1583 891 1665 primos
906 1605 938 1642 sn
988 1582 1117 1644 staciani
1123 1583 1229 1666 gratini
1255 1594 1299 1646 te·

83 1666 148 1729 nuit
159 1689 222 1729 cum
230 1666 375 1751 Agrippi
383 1665 511 1750 gradus.
558 1666 671 1727 Genere
685 1665 808 1740 Tuscus,
821 1687 856 1726 eo
865 1665 997 1749 antiquis
1009 1666 1143 1728 Etrurine
1155 1690 1172 1727 r
1210 1666 1299 1729 ibus:

83 1772 207 1837 quorum
219 1751 340 1837 posteri,
350 1760 421 1834 post
434 1749 541 1812 multas
550 1748 649 1834 gentis
661 1748 768 1825 clades,
781 1748 950 1811 Romanam
961 1750 994 1812 in
1005 1751 1149 1812 ciuitatem
1161 1689 1298 1830 ddmissi,

8 1886 14 1905 ‚
84 1837 212 1920 equestri
223 1835 372 1919 dignitate
386 1833 530 1895 riserunt.
560 1831 884 1930 Eruditoscompleaus
898 1844 950 1912 est,
964 1833 1108 1931 imprimis
1127 1832 1300 1918 Virgilium

84 1933 112 1982 et
120 1918 285 1980 Horatium
293 1941 306 1993 ,·
328 1918 402 1979 oded
410 1916 522 2000 parim
536 1916 669 2001 cupidus,
684 1929 717 1978 ut
727 1940 777 2002 qus
792 1918 904 1980 ceteris
926 1917 1150 2003 magistratibus
1167 1919 1299 2003 impera-

82 2002 143 2078 lat,
155 2002 218 2086 ipsc
233 2000 361 2098 equestri
375 2000 489 2076 ordine,
505 2011 532 2063 et
546 1984 627 2063 ariis
641 2011 674 2064 at
694 2024 729 2063 ue
741 2001 840 2064 Italia
849 1999 1030 2086 praefecturii
1050 2013 1201 2066 contentus
1216 2004 1299 2066 aire·

83 2084 134 2148 rit.
175 2083 337 2146 Adhibitus
352 2083 390 2147 ab
407 2024 693 2148 Octavianoeumd
730 2087 803 2169 spd
814 2086 847 2148 in
859 2087 1194 2185 consiliumdeimpcrio
1205 2087 1299 2172 depa-

83 2169 190 2246 nendo,
212 2167 396 2230 retinendum
405 2168 565 2264 persuasit.
611 2109 761 2233 Sectsind
780 2169 890 2232 ‘curem
904 2169 980 2254 fuit,
994 2171 1028 2233 in
1041 2181 1156 2249 vestitu,
1171 2173 1299 2250 incessu,

83 2251 269 2339 supellectili,
291 2251 441 2330 sonuimus,
464 2252 588 2337 ipsique
603 2252 739 2330 dictione,
762 2254 881 2316 mollior
906 2275 940 2315 aa
965 2254 1123 2317 remissior.
1168 2255 1302 2341 Scripsit

83 2335 292 2401 Prometheum
306 2346 334 2400 et
352 2334 508 2399 Octauiam
520 2346 548 2399 tr
590 2335 692 2415 adias,
708 2337 869 2400 carminum
883 2336 974 2400 libros
989 2338 1100 2401 decem:
1113 2339 1213 2405 soluti
1228 2361 1311 2421 ora--

83 2421 163 2483 tione
175 2420 396 2484 commentarios
408 2419 540 2483 derebus
601 2422 740 2506 dagensto
750 2421 932 2506 gestiqitem
944 2422 979 2485 de
992 2422 1170 2485 animalibus
1180 2434 1209 2486 et
1241 2447 1303 2486 em·

84 2504 140 2568 mis
153 2504 311 2590 dialogos:
332 2505 431 2567 omnia
448 2503 577 2602 perintra.
620 2504 755 2568 Decessit
775 2528 853 2567 anno
872 2504 911 2570 U.
932 2505 968 2568 0.
990 2511 1062 2568 746.
1111 2506 1147 2569 0.
1217 2508 1303 2573 artio

89 2588 254 2652 Censorino
270 2600 297 2650 ct
313 2588 350 2651 C.
365 2588 474 2650 Asinio
491 2588 583 2652 Gallo
603 2588 688 2651 Coss.
739 2589 866 2673 Triplea
880 2600 922 2652 est
935 2589 1018 2675 opud
1028 2589 1167 2666 eruditos,
1183 2590 1219 2651 de
1234 2591 1304 2674 ejus

84 2673 210 2750 nomine,
226 2672 433 2736 controuersia.
477 2671 503 2734 1.
530 2672 689 2756 Quodnam
703 2673 1044 2757 ipsiusnornenfuerit(²
1079 2673 1248 2736 Iambinus
1266 2675 1303 2740 in

84 2756 264 2841 Vipsanium
283 2767 400 2843 gentem
414 2755 538 2834 inducit,
556 2757 685 2818 sedeam
700 2757 853 2840 confundit
871 2781 934 2819 erem
957 2757 1059 2841 Agrip
1082 2759 1110 2833 d,
1126 2758 1208 2841 cujus
1223 2761 1303 2821 certi

108 2842 195 2903 entile
209 2864 314 2903 nomen
335 2840 477 2923 docfait:
498 2839 618 2903 Paulus
632 2840 794 2902 Manutius
808 2843 840 2901 in
855 2842 1016 2902 Cinciam:
1063 2841 1251 2924 ‘landorpins
1265 2843 1302 2905 in

81 2864 226 2989 ileliamz
247 2924 389 2985 Muretus
400 2924 433 2983 in
447 2925 618 3003 Aquiliam:
641 2945 737 2986 omnes
750 2935 802 2985 aut
816 2923 925 2987 levibus
940 2923 1090 3006 autsalsis
1103 2925 1302 3009 conjecturis.-

12 3016 17 3031 '
85 3006 227 3069 Maxima
240 3017 266 3066 et
281 3004 485 3100 opti-magram,
512 3006 679 3085 Turnebus,
701 3007 745 3071 Li
765 3007 837 3084 sins,
861 3008 913 3085 dec.
928 3007 962 3068 in
977 3007 1122 3085 Cilnium,
1145 3030 1212 3092 qua
1222 3030 1302 3093 gens

85 3086 571 3152 eratdretineeurbissnEtrnrid.
615 3091 659 3152 ΙΙ.
687 3030 772 3153 Unde
785 3113 944 3175 cognomen
956 3090 1155 3154 Moecenatis?
1182 3091 1303 3156 insulsi

86 3173 204 3236 deducit
223 3167 412 3234 Beemannns
437 3171 474 3234 ab
490 3172 551 3257 ejus
566 3174 704 3251 moribus,
728 3176 808 3257 quid
821 3187 891 3236 esset
903 3178 1020 3249 ulmis,
1037 3197 1097 3237 non
1112 3179 1303 3256 communis3

86 3268 141 3321 aut
153 3261 189 3332 ui
202 3257 284 3333 καινὸς,
300 3277 363 3317 non
390 3277 507 3317 novus:
529 3269 636 3319 namet
655 3258 755 3320 Grani
780 3280 931 3341 nunqnam
949 3282 985 3321 ne
1009 3260 1095 3321 atiris
1121 3260 1301 3338 nominibus,

85 3346 128 3419 ui,
150 3342 202 3404 sed
215 3340 398 3426 privativum
422 3375 440 3403 a
453 3363 521 3440 prce
540 3352 628 3423 gunt,
642 3352 670 3402 et
688 3342 802 3417 Varro,
815 3340 836 3402 l.
860 3349 889 3403 7.
912 3341 947 3404 de
999 3343 1060 3405 .L.
1077 3366 1095 3404 a
1110 3343 1174 3406 loeo
1190 3342 1303 3406 dictum

85 3436 218 3491 testatur.
262 3423 321 3487 Est
334 3424 430 3522 igitur
445 3447 464 3486 a
520 3420 703 3487 editerraneo
727 3426 854 3508 quodam
868 3425 1005 3489 Etruria
1020 3427 1172 3511 oppidulo,
1202 3429 1302 3491 cese-

85 3534 131 3573 na
143 3510 250 3586 meino,
266 3511 325 3593 qud
343 3533 376 3570 m
402 3510 456 3570 orsi
477 3509 598 3571 Plinius
613 3510 683 3571 vine
703 3509 870 3571 Cessenatia
881 3510 970 3572 simul
984 3522 1011 3572 et
1021 3511 1206 3574 Macenatia
1224 3533 1303 3575 com-

86 3596 212 3672 mendat,
225 3593 338 3657 lib.24.
352 3598 382 3654 6.
425 3592 489 3655 ΙΙΙ.
517 3592 671 3677 Quomodo
692 3594 794 3676 prima
819 3604 846 3654 et
868 3595 965 3656 media
988 3596 1171 3679 cognominis
1183 3595 1304 3679 syllaba

80 3679 239 3765 pingenda
248 3678 310 3741 siet
337 3677 425 3740 Certi
435 3678 542 3755 media,
559 3701 617 3763 pcr
632 3700 648 3739 e
662 3679 802 3761 longum
844 3678 895 3740 nin
915 3679 1017 3742 Gracc*
1028 3678 1119 3763 osdgd
1126 3702 1184 3762 per
1195 3707 1209 3739 s
1221 3678 1304 3765 legi·

85 3775 144 3828 tur.
186 3763 294 3826 Prima
307 3761 353 3824 uel
369 3783 429 3845 per
440 3783 469 3823 re
480 3762 526 3825 nel
539 3784 585 3824 oe:
607 3762 680 3846 quia
694 3761 727 3823 in
741 3701 883 3824 oetersisus
898 3762 961 3824 cod.
975 3772 1100 3847 utroque
1115 3764 1201 3825 modo
1216 3787 1247 3824 re
1272 3789 1304 3827 e-

85 3844 352 3999 πεώιῧὲρὲἕέὲε
373 3844 499 3995 uAergtids.
542 3845 644 3935 Igitur
666 3866 769 3910 nomen
791 3845 941 3932 integram
951 3847 1028 3931 fuit,
1052 3846 1184 3911 CAIUS
1209 3787 1303 3913 Giin-
