2766 5174
126 124 158 188 ir
610 123 860 189 PRAEFATlO.

31 344 34 353 ·
126 322 368 402 existimarejam
382 342 461 382 nuuc
477 320 555 382 licet.
604 321 666 401 Qui
682 324 761 383 enim
778 324 809 383 in
825 323 1022 385 informandis
1049 326 1172 387 maximi
1187 326 1342 411 Principio

126 420 260 482 moribus
272 432 397 495 tantam
413 439 474 479 non
500 417 598 480 civilis
613 420 703 480 modo
728 420 926 502 militarisque
940 423 1120 504 prudentiae,
1136 424 1187 485 sed
1214 424 1344 487 literatae

126 530 216 592 etiam
231 530 377 614 sapentia*
391 531 453 592 vim
467 552 533 613 pree
545 552 576 591 se
588 551 705 613 semper
719 532 797 607 tulit,
814 532 946 595 Carolus
960 534 1225 598 Sanctamauraeus
1250 536 1344 601 Mon·

127 643 250 705 tauserii
262 643 354 720 Dux;
366 641 465 725 potuit
479 642 503 703 is
518 642 557 702 ad
564 645 691 705 eandem
704 644 882 725 sapientiam
895 646 1001 727 partim
1015 660 1110 709 tutum
1118 670 1155 711 ac
1161 649 1279 711 facilem
1287 650 1345 733 ipsi

128 757 242 817 aditum
256 756 395 838 aperire?
417 754 523 817 Potuit
537 757 576 817 ad
591 776 694 817 veram
704 758 903 819 eruditionem
917 780 978 820 non
997 761 1112 843 optima
1124 783 1252 843 quaeque
1264 784 1345 845 prae·

128 868 207 931 sidia
221 868 399 949 conquirere
411 866 457 927 vir
471 867 581 927 divinis
606 868 805 949 humanisque
819 869 964 931 doctrinis
974 871 1201 949 excultissirnus,
1213 874 1346 957 Episco-

127 1000 186 1065 pus
198 979 442 1051 Condomienris,
457 977 592 1038 Jacobus
606 976 767 1058 Benignus
779 979 983 1042 Bossuetius?
1006 982 1125 1044 Horum
1139 1005 1198 1066 ego
1212 987 1345 1063 monitis,

128 1092 312 1167 auctoritati,
337 1090 505 1175 prudentiae
517 1110 579 1151 uon
595 1090 781 1165 decederem,
806 1091 914 1171 quibus
929 1091 998 1152 Rex
1013 1095 1249 1176 sapientissimus
1277 1119 1348 1161 suas

114 1204 275 1285 ·regnique
287 1203 332 1264 sui
347 1222 415 1285 spes
427 1222 531 1263 omnes
541 1202 630 1263 unice
639 1202 814 1264 commisit?
836 1202 1011 1265 Praesertim
1022 1207 1090 1267 cum
1102 1209 1181 1269 curis
1193 1210 1266 1271 meis
1274 1232 1348 1274 con·

127 1312 198 1378 eilia
215 1315 392 1397 plerumque
403 1313 581 1375 accederent
595 1312 680 1375 Petri
696 1311 835 1376 Danielis
850 1314 966 1392 Huetii,
996 1318 1080 1397 cujus
1095 1318 1126 1380 in
1155 1322 1348 1386 moderandis

128 1427 319 1490 Serenissirni
331 1426 485 1510 Principis
498 1426 604 1488 studiis
616 1427 759 1489 secundm
771 1441 840 1489 suut
854 1440 965 1511 partes.
1008 1428 1049 1506 ls,
1075 1430 1143 1491 crim
1159 1446 1188 1493 et
1200 1432 1349 1495 doctriure

127 1538 209 1601 sarni
229 1539 355 1600 multum
371 1539 454 1621 apud
477 1552 615 1616 caeteros,
643 1553 672 1601 et
684 1561 803 1601 morum
818 1541 966 1601 suavitate
988 1539 1057 1622 plus
1072 1544 1155 1624 apud
1167 1566 1215 1605 me
1233 1545 1350 1627 aliquid

126 1650 239 1733 possit3
261 1650 510 1713 effecitamicitioe
522 1672 587 1713 suae
602 1650 772 1725 lenociniis,
784 1651 1015 1711 communicatis
1030 1652 1121 1712 etiam
1137 1674 1254 1715 mecum
1270 1657 1351 1717 notis

126 1760 158 1821 in
164 1758 329 1840 Virgilium
340 1762 521 1841 quibusdam
530 1762 602 1835 suis,
613 1782 651 1820 ne
667 1773 752 1821 tanto
763 1782 810 1821 me
820 1762 905 1843 operi
916 1762 1040 1823 omniuo
1052 1764 1197 1845 imparem
1205 1765 1350 1847 putirim.

168 1872 206 1935 lu
218 1894 280 1953 quo
289 1870 363 1951 quid
377 1886 488 1956 proeter
501 1871 577 1933 alios
587 1872 766 1954 interpretes
778 1872 981 1954 praestiterim,
995 1873 1085 1935 facile
1099 1874 1257 1957 intelliget,
1268 1879 1360 1959 quio*

126 1986 195 2065 quis
209 2004 262 2045 eos
277 1983 443 2063 aliquando
469 1980 621 2062 attigerit3
643 2002 773 2063 quorum
788 1984 910 2064 quidem
924 2004 1042 2046 errores
1058 2000 1164 2048 notare
1178 1987 1273 2049 nolim
1302 2009 1351 2049 as-

125 2096 239 2181 perius,
256 2096 307 2175 qui
322 2092 459 2155 excusari
475 2112 558 2154 meos
569 2106 651 2175 peto.
686 2092 771 2154 Sane
786 2114 882 2177 opera
895 2114 957 2155 non
973 2096 1088 2157 inutilis
1102 2096 1181 2158 ime
1196 2099 1296 2182 posita
1307 2112 1353 2163 est

125 2210 159 2271 in
173 2206 361 2291 explicandis
376 2226 412 2267 ex
427 2206 488 2267 fide
502 2204 638 2267 historiae
650 2204 859 2288 compluribus
871 2205 956 2282 locis,
970 2207 1107 2269 obscuris
1119 2209 1214 2291 priris,
1230 2224 1283 2272 aut
1296 2233 1352 2294 pa·

125 2320 194 2383 rirm
206 2320 333 2383 feliciter
342 2318 499 2382 enodatis:
522 2318 673 2380 advocatu
684 2316 775 2378 etiam
789 2315 940 2377 interdum
950 2318 1086 2379 subsidia
1099 2318 1228 2381 aliorum
1239 2322 1350 2382 artium

125 2454 164 2496 ac
176 2432 415 2514 disciplinarum,
428 2451 466 2491 ue
482 2428 724 2491 Grammaticum
735 2426 834 2509 egisse
845 2428 964 2488 tantum
976 2427 1112 2489 dicerer:
1128 2430 1237 2512 quibus
1249 2444 1353 2493 tamen

125 2544 159 2605 in
173 2542 302 2623 siugulis
327 2543 417 2606 sicui
444 2541 571 2604 videbor
586 2540 677 2603 nimis
706 2543 808 2623 presse
833 2539 997 2621 strictique
1008 2555 1154 2618 versutus,
1179 2544 1351 2624 cujusmodi

125 2654 258 2737 querelae
266 2655 334 2735 jam
350 2655 390 2715 ad
404 2674 453 2715 me
464 2652 576 2716 delutae
590 2665 682 2730 sunt;
704 2652 730 2713 is
743 2672 802 2728 mo,
815 2672 877 2713 non
894 2651 1125 2733 Geogruphurn,
1141 2666 1194 2714 aut
1208 2654 1353 2715 Philoso-

124 2766 230 2849 phum,
247 2780 299 2827 aut
310 2766 489 2842 eretorem,
503 2764 555 2826 sed
570 2763 696 2843 Virgilii
712 2762 905 2845 interpretem
920 2782 985 2823 osse
1001 2762 1161 2844 intelligat.

180 2876 250 2938 Hic
285 2875 418 2939 editione
457 2888 523 2938 tum
560 2872 622 2935 alia
646 2874 751 2953 multa,
792 2894 864 2953 quae
907 2872 1013 2954 primis
1057 2872 1137 2932 curis
1166 2854 1351 2952 exciderant,

125 2989 246 3067 adjectu
260 2998 313 3044 aut
324 2986 509 3059 emenrlota3
530 3000 593 3045 tum
605 2984 679 3045 verri
695 2981 843 3065 imprimis
858 2994 956 3041 textus
971 2983 1036 3063 ipse
1050 2966 1186 3062 Virgilii,
1203 2983 1304 3045 multis
1320 2987 1351 3047 in

125 3096 212 3171 locis,
227 3116 263 3155 err
279 3094 340 3155 lide
362 3091 433 3154 Nic.
447 3090 577 3166 lleinsii,
594 3076 768 3151 restitutus:
791 3090 860 3151 cum
888 3089 938 3151 illc
962 3091 1157 3153 novissimam
1187 3096 1350 3157 editionem

126 3227 212 3270 suam
225 3226 262 3267 ex
275 3202 372 3266 MSS.
387 3216 420 3265 tn
426 3202 515 3285 ginta
528 3202 761 3283 diligentissimi
777 3202 974 3265 contexuerit.
1021 3205 1119 3286 Cujus
1131 3206 1188 3267 viri
1199 3209 1350 3284 ommbus,

126 3317 179 3399 qui
194 3316 297 3379 literas
311 3328 425 3381 amant.
441 3314 580 3377 luctuosa
591 3334 693 3392 mors3
715 3314 862 3377 memoria
877 3316 971 3378 chara
983 3338 1100 3400 semper
1112 3331 1141 3380 et
1150 3319 1289 3399 jucunda
1305 3320 1350 3380 su·

128 3440 196 3493 iura
205 3442 259 3493 eil.
